2742 3975
244 256 286 317 82
461 253 558 317 Urbis
580 254 708 316 Romae
740 253 815 316 Viri
834 255 986 318 Illustres

242 479 392 550 prosecuti
419 484 495 532 sunt.
546 474 625 532 Dein
653 474 776 534 Clodius
809 474 940 534 edictum
972 478 1134 552 proposuit,
1162 488 1195 537 ut

243 582 348 639 Marco
367 581 464 638 Tullio
484 586 544 656 igni
565 589 596 637 et
616 586 693 655 aqua
715 580 939 640 interdiceretur
949 602 957 654 ;
979 582 1053 641 illius
1070 582 1193 643 domum

242 695 273 744 et
296 686 376 745 villis
398 685 540 744 incendit.
583 686 642 745 Sed
662 692 705 744 vis
726 686 775 743 illa
794 691 856 745 non
876 686 1013 745 diuturna
1030 688 1102 762 fuit3
1124 708 1194 749 mox

242 792 321 851 enim
350 797 429 851 totus
456 792 518 850 fere
547 792 673 867 populus
709 793 862 850 Romanus
896 793 1010 869 ingenti
1044 794 1193 855 desiderii)

208 923 218 970 ς
242 898 395 958 Ciceronis
417 898 545 957 reditum
568 897 698 973 flagitare
722 898 823 973 coepit
851 908 881 956 et
905 900 1034 958 mammo
1061 902 1193 959 omnium

241 1004 378 1063 ordinum
399 1003 497 1062 studio
516 1004 624 1063 Cicero
645 1003 676 1061 in
697 1004 822 1078 patriam
842 1010 995 1063 revocatus
1017 1016 1068 1064 est
1112 1007 1193 1065 Nihil

240 1116 407 1186 pertitam
426 1117 516 1169 vilam
531 1111 668 1169 Ciceroni
689 1109 804 1182 itinere,
818 1114 878 1185 quo
899 1111 930 1168 in
951 1112 1075 1187 patriam
1096 1113 1192 1185 rediit,

240 1215 351 1275 accidit
377 1215 543 1275 iucundius.
586 1215 715 1276 Obviam
750 1221 778 1273 ei
811 1216 947 1275 redeunti
980 1217 1019 1276 ab
1053 1218 1192 1277 liniversis

241 1322 314 1380 itum
335 1331 380 1380 est
390 1343 399 1394 ;
427 1321 534 1381 domus
555 1321 617 1380 Eius
638 1321 758 1396 publica
778 1323 905 1397 pecunia
925 1323 1058 1381 restituta
1079 1333 1132 1382 est.

193 1455 220 1487 ιο
281 1428 476 1487 Gravissimae
500 1428 549 1485 illa
573 1433 750 1503 tempestate
773 1428 848 1486 inter
868 1429 1026 1488 Caesarem
1050 1438 1080 1487 et
1104 1432 1191 1489 Pom·

240 1534 341 1610 peium
369 1544 450 1593 ortae
479 1543 547 1591 sunt
573 1533 753 1605 inimicitiae,
774 1542 806 1591 ut
833 1538 879 1592 res
907 1534 963 1592 nisi
991 1535 1069 1594 bello
1096 1534 1193 1594 dirimi

240 1645 301 1698 non
330 1658 418 1715 posse
446 1639 605 1698 videretur.
647 1639 755 1698 Cicero
790 1639 911 1714 quidem
946 1645 1063 1699 summo
1094 1640 1192 1699 studio

240 1746 412 1817 enitEbatur,
428 1755 460 1804 ut
479 1750 531 1827 eos
551 1745 629 1802 inter
649 1749 681 1803 se
702 1745 906 1803 reconciliaret
926 1755 956 1804 et
976 1752 994 1804 i
1013 1746 1083 1805 belli
1102 1748 1192 1805 civilis

240 1851 455 1911 calamitatibus
482 1849 653 1923 deleniret,
675 1849 730 1909 sed
757 1869 826 1909 cum
854 1860 990 1909 neutrum
1018 1851 1057 1910 ad
1085 1858 1191 1927 pacem

193 1984 217 2033 ις
240 1957 401 2017 ineundam
436 1961 608 2033 permovEre
643 1965 753 2032 posset,
783 1956 958 2033 Pompeium
991 1963 1107 2018 secutus
1138 1968 1189 2018 est.

240 2063 298 2124 Sed
318 2066 398 2122 victo
422 2065 609 2139 Pompei6‚a
629 2064 755 2123 Caesare
776 2066 887 2122 victore
907 2064 1024 2122 veniam
1045 2065 1121 2123 ultro
1142 2082 1190 2122 ac-

240 2171 330 2245 cepit.
372 2171 441 2245 Quo
470 2170 625 2228 interfecto
650 2170 855 2241 Octaviinum,
877 2170 1013 2228 Caesaris
1040 2170 1191 2242 heridem,

240 2277 325 2349 fovit,
353 2276 514 2335 Antduium
549 2276 732 2351 impugnavit
767 2275 936 2349 effecitque,
970 2285 1004 2333 ut
1037 2281 1055 2334 a
1089 2281 1192 2334 senatu

240 2383 331 2441 hostis
353 2382 538 2441 iudicaretur.

191 2515 219 2547 20
280 2488 339 2548 Sed
366 2488 521 2560 Antonius,
543 2487 614 2546 inite
641 2505 710 2544 cum
740 2485 903 2546 Octaviano
931 2487 1082 2560 societate,
1105 2488 1190 2547 Cice·

240 2599 343 2652 ronem
375 2595 434 2652 iam
469 2594 520 2653 diii
555 2593 611 2653 sibi
645 2593 797 2651 inimicum
832 2593 1011 2667 proscripsit.
1060 2593 1127 2667 Qua
1160 2598 1192 2652 re

239 2700 339 2759 audita
366 2700 473 2759 Cicero
501 2705 668 2758 transversis
696 2698 847 2757 itineribus
874 2698 906 2756 in
932 2699 1038 2771 villam,
1064 2717 1139 2774 quae
1174 2704 1192 2756 a

239 2812 312 2864 mari
339 2805 473 2881 proxime
504 2806 614 2878 aberat,
643 2805 720 2880 frigit
752 2802 882 2878 indeque
913 2809 1018 2862 navem
1048 2809 1191 2863 conscen-

239 2912 292 2984 dit,
321 2913 351 2969 in
379 2911 590 2970 Macedoniam
618 2911 797 2969 transiturus.
839 2908 929 2969 Unde
958 2910 1133 2985 aliquotiens
1161 2910 1192 2968 in

191 3038 216 3086 ²5
239 3019 331 3076 altum
354 3023 527 3093 provectum
551 3034 619 3074 cum
645 3014 737 3074 modo
761 3021 842 3073 venti
865 3014 979 3073 adversi
1001 3016 1191 3088 rettulissent,
1246 3051 1248 3056 .

240 3123 331 3182 modo
353 3123 416 3197 ipse
437 3122 626 3181 iactationem
648 3121 737 3179 maris
761 3127 824 3196 pati
846 3125 907 3178 non
929 3131 1038 3195 posset,
1060 3120 1192 3180 taedium

240 3317 261 3349 2.
275 3305 324 3360 igni
335 3309 358 3346 et
368 3306 432 3359 aqui
445 3301 630 3354 interdiceretur¹
641 3314 691 3344 was
743 3312 777 3357 13.
792 3300 930 3354 §nitebatur
941 3305 1023 3347 strove.

301 3377 428 3436 forbidden
436 3377 485 3432 stre
499 3376 549 3419 and
561 3379 642 3428 water,
653 3377 690 3420 i.e.
744 3376 777 3419 18.
792 3373 860 3427 fovit,
865 3375 974 3431 savored,
985 3376 1113 3433 supported.

307 3464 357 3494 was
366 3449 483 3495 banislsed.
743 3466 778 3512 25.
794 3452 868 3496 modo
876 3486 882 3497 .
890 3452 996 3504 ..modo¹
1008 3465 1060 3495 now
1068 3486 1074 3496 .
1082 3465 1166 3497 ..nora
