2742 3975
245 316 285 361 22
464 298 562 361 Urbis
584 299 713 361 Romae
738 298 812 362 Viri
832 299 984 361 Illustres

245 514 453 589 cupiditatibus
481 514 626 589 imperare
655 520 771 589 poteri),
796 514 868 572 nihil
897 514 969 572 mihi
996 514 1113 586 deerit,
1144 519 1196 573 vbs

245 630 343 677 autern
364 620 521 694 pecuniam
542 620 581 679 ad
603 624 664 692 ebs,
679 627 730 695 qui
751 620 806 677 hac
827 620 971 706 indigent,
987 621 1164 695 reportate?

285 726 376 784 Gaius
401 726 552 785 Fabricius
576 744 645 783 curn
668 727 790 798 Rufina,
812 727 874 784 vird
896 727 996 798 ndbili,
1018 726 1195 785 simultatem

245 833 365 907 gercbat
385 833 423 891 ob
445 837 561 889 mdrum
583 830 862 903 dissimilitudinem,
878 851 946 889 curn
968 833 1031 907 ipse
1053 832 1196 907 pecuniae

211 966 221 1013 5
246 948 435 1012 contemptor
448 948 534 1010 esset,
546 938 594 995 hic
609 945 711 997 avarus
726 949 757 996 et
768 938 852 996 furax
863 938 1085 997 existimaretur.
1120 938 1197 1011 Quia

245 1054 345 1102 tarnen
360 1045 486 1102 Rufinus
506 1044 664 1103 industrius
685 1062 720 1102 ac
735 1045 830 1103 bonus
848 1046 1008 1119 imperator
1029 1054 1100 1116 erat,
1116 1049 1196 1118 mag·

244 1167 375 1224 numque
395 1160 425 1208 et
445 1169 532 1226 grave
554 1150 664 1209 bellum
686 1151 840 1209 immincre
862 1149 1025 1223 videbatur,
1045 1150 1195 1209 Fabricius

245 1267 348 1314 auctor
359 1256 421 1327 fuit,
433 1266 465 1314 ut
480 1256 606 1315 Rufinus
621 1257 726 1314 cdnsul
740 1261 895 1328 crearetur,
907 1275 1035 1331 cumque
1050 1257 1074 1314 is
1085 1255 1195 1314 deinde

246 1363 382 1447 Fabricii>
397 1363 501 1438 gratias
519 1372 627 1438 ageret,
642 1362 725 1440 quqd
739 1368 771 1421 se
791 1363 881 1422 homb
896 1363 1031 1421 inimicus
1045 1364 1196 1422 cdnsulem

198 1491 223 1522 ιο
246 1469 375 1540 fecisset,
395 1469 442 1525 hic
463 1468 624 1543 respondit,
645 1474 706 1526 ηὸτι
726 1487 790 1527 esse
812 1470 987 1542 mirandum,
1002 1475 1026 1527 si
1046 1470 1198 1545 compilari

245 1592 334 1649 quarn
348 1579 447 1632 vcnire
461 1575 619 1632 maluisset.
656 1575 793 1632 Eundem
808 1581 913 1650 postea
926 1575 1078 1634 Fabricius
1092 1580 1198 1633 ceusor

245 1682 338 1739 lactus
353 1686 454 1738 senatu
469 1682 570 1752 mdvit,
585 1679 667 1754 quod
684 1686 798 1755 argenti
813 1681 881 1738 facti
901 1681 1007 1739 decem
1027 1682 1131 1757 pondu
1145 1682 1194 1739 ha·

161 1784 162 1787 ’
245 1789 338 1845 beret.
381 1787 531 1846 Fabricius
556 1804 676 1844 ornnem
700 1793 790 1844 vltam
816 1787 846 1843 in
873 1787 1000 1862 gldridsa
1023 1794 1196 1863 paupertate

246 1894 342 1969 excgit
361 1893 497 1967 adedque
516 1892 602 1967 inops
622 1892 758 1964 decessit,
773 1902 815 1964 ut,
830 1892 910 1951 unde
931 1895 987 1952 dds
1001 1894 1129 1952 filiarum
1146 1913 1195 1952 ex-

197 2019 221 2066 15
246 2001 406 2076 pedirctur,
431 2004 491 2057 nbn
519 2000 707 2075 relinqueret.
750 2001 873 2059 Senatus
901 2001 991 2075 patris
1015 2001 1072 2060 sibi
1099 2005 1197 2076 partes

245 2106 409 2181 desumpsit
430 2116 460 2164 et
481 2106 555 2164 datis
577 2124 614 2164 ex
634 2106 746 2164 aerarii>
767 2105 888 2165 dbtibus
909 2106 984 2164 filias
1006 2107 1179 2165 conlocavit.

286 2213 409 2288 Pyrrhus
424 2230 493 2269 curn
508 2210 646 2270 adversus
662 2215 815 2270 Rdmanbs
829 2231 933 2288 parurn
949 2213 1150 2287 prdsectsrrum
1164 2219 1196 2271 se

244 2319 435 2394 intellegeret,
455 2318 583 2377 Siciliam
608 2318 734 2376 dicibnis
759 2337 828 2377 suae
850 2319 946 2377 lacere
968 2320 1077 2378 statuit.
1120 2319 1196 2377 Inde

245 2425 362 2484 rediens
390 2443 459 2482 curn
485 2425 595 2482 Locrds
620 2425 713 2482 classe
739 2425 1021 2499 praeterveheretur,
1044 2427 1196 2484 th5saurbs

195 2551 223 2582 20
246 2532 308 2589 sani
329 2530 521 2604 Prbserpinae
541 2531 665 2588 intactbs
681 2530 720 2588 ad
742 2549 807 2589 eam
829 2531 909 2589 diem
931 2533 1066 2607 spoliavit
1076 2553 1085 2605 ;
1107 2543 1195 2607 atque

245 2638 285 2695 ita
305 2637 430 2711 pecunia
455 2637 485 2693 in
509 2641 598 2694 naves
619 2637 759 2711 imposita
784 2637 847 2712 ipse
870 2644 947 2696 terra
967 2648 1012 2696 est
1036 2639 1195 2714 profectus,

245 2743 325 2816 Quid
347 2748 417 2818 ergb
435 2743 553 2800 Evcnit?
595 2743 703 2801 Classis
725 2749 844 2817 postert’)
865 2744 915 2802 die'
930 2744 1101 2802 foedissima
1120 2755 1194 2804 tem-

244 2854 356 2924 pestate
371 2850 498 2907 lacerata
519 2854 681 2924 omnesque
699 2854 796 2920 naves,
812 2867 888 2924 quae
910 2867 1024 2907 sacram
1038 2851 1195 2924 pecuniam

244 2956 402 3026 habebant,
424 2956 453 3012 in
474 2955 558 3012 litora
584 2956 745 3012 Locrdrum
767 2956 880 3013 eiectae
905 2966 981 3014 sunt.
1024 2956 1092 3029 Qua
1116 2961 1196 3014 tanta

196 3078 220 3126 ²5
245 3060 330 3120 clade
345 3061 468 3119 edoctus
484 3060 604 3118 tandem
620 3059 693 3118 debs
713 3079 786 3132 esse,
802 3061 1025 3134 superbissimus
1039 3066 1091 3120 rcx
1105 3067 1194 3136 pecii-

244 3168 328 3225 niam·
345 3185 466 3224 omnem
491 3173 684 3240 conquisitam
708 3167 738 3223 in
760 3166 862 3223 fanum
884 3168 1075 3242 Prbserpinae
1098 3169 1196 3225 referri

245 3274 334 3332 iussit.
368 3275 434 3330 Nec
445 3283 545 3330 tamen
560 3273 600 3328 illi
612 3290 752 3345 umquam
765 3278 899 3347 prbsperi
912 3273 1075 3348 quidquam
1087 3275 1194 3345 evenit,

244 3381 401 3456 pulsusque
418 3378 502 3436 Italia
515 3377 636 3453 ignbbill
650 3387 744 3434 morte
759 3377 907 3435 occubuit.
