<?xml version="1.0" encoding="UTF-8"?>
<!DOCTYPE html PUBLIC "-//W3C//DTD XHTML 1.0 Transitional//EN"
    "http://www.w3.org/TR/xhtml1/DTD/xhtml1-transitional.dtd">
<html xmlns="http://www.w3.org/1999/xhtml" xml:lang="en" lang="en">
 <head>
  <title>
</title>
<meta http-equiv="Content-Type" content="text/html;charset=utf-8" />
  <meta name='ocr-system' content='tesseract 3.04.00' />
  <meta name='ocr-capabilities' content='ocr_page ocr_carea ocr_par ocr_line ocrx_word'/>
</head>
<body>
  <div class='ocr_page' id='page_1' title='image "./selectionsfromv02lhogoog_0091.png"; bbox 0 0 2742 3975; ppageno 0'>
   <div class='ocr_carea' id='block_1_1' title="bbox 481 268 1127 354">
    <p class='ocr_par' dir='ltr' id='par_1_1' title="bbox 481 268 1127 354">
     <span class='ocr_line' id='line_1_1' title="bbox 481 268 1127 354; baseline 0 -23"><span class='ocrx_word' id='word_1_1' title='bbox 481 268 624 345; x_wconf 78' lang='lat' dir='ltr'><em>Quintus</em></span> <span class='ocrx_word' id='word_1_2' title='bbox 650 270 816 332; x_wconf 84' lang='lat' dir='ltr'>Sertorius</span> <span class='ocrx_word' id='word_1_3' title='bbox 1086 286 1127 354; x_wconf 82' lang='lat'>59</span> 
     </span>
    </p>
   </div>
   <div class='ocr_carea' id='block_1_2' title="bbox 166 493 1169 2266">
    <p class='ocr_par' dir='ltr' id='par_1_2' title="bbox 166 493 1169 2266">
     <span class='ocr_line' id='line_1_2' title="bbox 172 493 1125 567; baseline 0.007 -21"><span class='ocrx_word' id='word_1_4' title='bbox 172 498 217 547; x_wconf 90' lang='lat' dir='ltr'>ret</span> <span class='ocrx_word' id='word_1_5' title='bbox 238 493 270 547; x_wconf 78' lang='lat' dir='ltr'>so</span> <span class='ocrx_word' id='word_1_6' title='bbox 290 498 448 547; x_wconf 86' lang='lat' dir='ltr'>vocantem</span> <span class='ocrx_word' id='word_1_7' title='bbox 470 500 648 565; x_wconf 88' lang='lat' dir='ltr'>euntemque</span> <span class='ocrx_word' id='word_1_8' title='bbox 668 496 847 567; x_wconf 79' lang='lat' dir='ltr'>sequerotur.</span> <span class='ocrx_word' id='word_1_9' title='bbox 891 494 981 551; x_wconf 87' lang='lat' dir='ltr'>Hanc</span> <span class='ocrx_word' id='word_1_10' title='bbox 1000 493 1056 552; x_wconf 89' lang='lat' dir='ltr'>sibi</span> <span class='ocrx_word' id='word_1_11' title='bbox 1072 494 1125 553; x_wconf 93' lang='lat' dir='ltr'>ob-</span> 
     </span>
     <span class='ocr_line' id='line_1_3' title="bbox 171 594 1127 674; baseline 0.006 -23"><span class='ocrx_word' id='word_1_12' title='bbox 171 594 260 652; x_wconf 77' lang='lat' dir='ltr'>litam</span> <span class='ocrx_word' id='word_1_13' title='bbox 285 596 422 653; x_wconf 86' lang='lat' dir='ltr'>divinitus</span> <span class='ocrx_word' id='word_1_14' title='bbox 450 606 480 655; x_wconf 91' lang='lat' dir='ltr'>et</span> <span class='ocrx_word' id='word_1_15' title='bbox 506 597 675 655; x_wconf 87' lang='lat' dir='ltr'><strong>instinctam</strong></span> <span class='ocrx_word' id='word_1_16' title='bbox 701 598 815 655; x_wconf 79' lang='lat' dir='ltr'>Dionae</span> <span class='ocrx_word' id='word_1_17' title='bbox 839 599 962 657; x_wconf 83' lang='lat' dir='ltr'>mimine</span> <span class='ocrx_word' id='word_1_18' title='bbox 987 599 1127 674; x_wconf 80' lang='lat' dir='ltr'>conloqui</span> 
     </span>
     <span class='ocr_line' id='line_1_4' title="bbox 171 702 1124 778; baseline 0.004 -19"><span class='ocrx_word' id='word_1_19' title='bbox 171 705 273 759; x_wconf 74' lang='lat' dir='ltr'>secum</span> <span class='ocrx_word' id='word_1_20' title='bbox 298 707 479 777; x_wconf 76' lang='lat' dir='ltr'>monoreque</span> <span class='ocrx_word' id='word_1_21' title='bbox 503 712 533 761; x_wconf 91' lang='lat' dir='ltr'>et</span> <span class='ocrx_word' id='word_1_22' title='bbox 557 702 677 775; x_wconf 78' lang='lat' dir='ltr'>docore,</span> <span class='ocrx_word' id='word_1_23' title='bbox 702 721 780 778; x_wconf 87' lang='lat' dir='ltr'>quae</span> <span class='ocrx_word' id='word_1_24' title='bbox 807 704 889 761; x_wconf 85' lang='lat' dir='ltr'>otilia</span> <span class='ocrx_word' id='word_1_25' title='bbox 913 706 993 762; x_wconf 86' lang='lat' dir='ltr'>facto</span> <span class='ocrx_word' id='word_1_26' title='bbox 1016 714 1124 776; x_wconf 89' lang='lat' dir='ltr'>essent,</span> 
     </span>
     <span class='ocr_line' id='line_1_5' title="bbox 170 808 1124 884; baseline 0.004 -19"><span class='ocrx_word' id='word_1_27' title='bbox 170 808 349 883; x_wconf 73' lang='lat' dir='ltr'>persuidore</span> <span class='ocrx_word' id='word_1_28' title='bbox 372 809 508 868; x_wconf 90' lang='lat' dir='ltr'>omnibus</span> <span class='ocrx_word' id='word_1_29' title='bbox 531 809 662 867; x_wconf 87' lang='lat' dir='ltr'>instituit.</span> <span class='ocrx_word' id='word_1_30' title='bbox 706 811 751 867; x_wconf 90' lang='lat' dir='ltr'>Ac</span> <span class='ocrx_word' id='word_1_31' title='bbox 775 816 799 867; x_wconf 92' lang='lat' dir='ltr'>si</span> <span class='ocrx_word' id='word_1_32' title='bbox 822 810 896 884; x_wconf 91' lang='lat' dir='ltr'>quid</span> <span class='ocrx_word' id='word_1_33' title='bbox 920 809 1019 869; x_wconf 82' lang='lat' dir='ltr'>dorius</span> <span class='ocrx_word' id='word_1_34' title='bbox 1043 811 1124 869; x_wconf 78' lang='lat' dir='ltr'>vido-</span> 
     </span>
     <span class='ocr_line' id='line_1_6' title="bbox 170 913 1158 991; baseline 0.006 -21"><span class='ocrx_word' id='word_1_35' title='bbox 170 913 264 985; x_wconf 79' lang='lat' dir='ltr'>bitur,</span> <span class='ocrx_word' id='word_1_36' title='bbox 282 914 364 988; x_wconf 91' lang='lat' dir='ltr'>quod</span> <span class='ocrx_word' id='word_1_37' title='bbox 388 914 596 989; x_wconf 86' lang='lat' dir='ltr'>imperandum</span> <span class='ocrx_word' id='word_1_38' title='bbox 626 914 765 974; x_wconf 82' lang='lat' dir='ltr'>militibus</span> <span class='ocrx_word' id='word_1_39' title='bbox 793 926 879 988; x_wconf 89' lang='lat' dir='ltr'>esset,</span> <span class='ocrx_word' id='word_1_40' title='bbox 901 922 919 973; x_wconf 78' lang='lat' dir='ltr'>o</span> <span class='ocrx_word' id='word_1_41' title='bbox 945 922 1033 974; x_wconf 81' lang='lat' dir='ltr'>cervo</span> <span class='ocrx_word' id='word_1_42' title='bbox 1059 921 1124 975; x_wconf 75' lang='lat' dir='ltr'>soso</span> <span class='ocrx_word' id='word_1_43' title='bbox 1147 944 1158 991; x_wconf 79' lang='lat'>5</span> 
     </span>
     <span class='ocr_line' id='line_1_7' title="bbox 170 1019 1122 1095; baseline 0.005 -20"><span class='ocrx_word' id='word_1_44' title='bbox 170 1019 315 1077; x_wconf 91' lang='lat' dir='ltr'>monitum</span> <span class='ocrx_word' id='word_1_45' title='bbox 336 1020 528 1094; x_wconf 78' lang='lat' dir='ltr'>praedicibat</span> <span class='ocrx_word' id='word_1_46' title='bbox 548 1020 722 1095; x_wconf 83' lang='lat' dir='ltr'>barbarique</span> <span class='ocrx_word' id='word_1_47' title='bbox 746 1021 844 1079; x_wconf 88' lang='lat' dir='ltr'>statim</span> <span class='ocrx_word' id='word_1_48' title='bbox 863 1022 903 1079; x_wconf 90' lang='lat' dir='ltr'>ad</span> <span class='ocrx_word' id='word_1_49' title='bbox 922 1023 1031 1095; x_wconf 84' lang='lat' dir='ltr'>omnia,</span> <span class='ocrx_word' id='word_1_50' title='bbox 1049 1032 1122 1080; x_wconf 89' lang='lat' dir='ltr'>tam·</span> 
     </span>
     <span class='ocr_line' id='line_1_8' title="bbox 169 1125 1123 1203; baseline 0.005 -21"><span class='ocrx_word' id='word_1_51' title='bbox 169 1142 258 1199; x_wconf 87' lang='lat' dir='ltr'>quam</span> <span class='ocrx_word' id='word_1_52' title='bbox 283 1125 419 1184; x_wconf 87' lang='lat' dir='ltr'>divinitus</span> <span class='ocrx_word' id='word_1_53' title='bbox 443 1127 597 1201; x_wconf 76' lang='lat' dir='ltr'>imperita,</span> <span class='ocrx_word' id='word_1_54' title='bbox 620 1126 830 1185; x_wconf 79' lang='lat' dir='ltr'>oboediobant.</span> <span class='ocrx_word' id='word_1_55' title='bbox 873 1128 918 1185; x_wconf 86' lang='lat' dir='ltr'>Ea</span> <span class='ocrx_word' id='word_1_56' title='bbox 942 1146 1029 1186; x_wconf 86' lang='lat' dir='ltr'>cerva</span> <span class='ocrx_word' id='word_1_57' title='bbox 1053 1134 1123 1203; x_wconf 83' lang='lat' dir='ltr'>quo</span> 
     </span>
     <span class='ocr_line' id='line_1_9' title="bbox 169 1230 1122 1307; baseline 0.003 -18"><span class='ocrx_word' id='word_1_58' title='bbox 169 1230 239 1289; x_wconf 80' lang='lat' dir='ltr'>dam</span> <span class='ocrx_word' id='word_1_59' title='bbox 264 1231 323 1303; x_wconf 77' lang='lat' dir='ltr'>dio,</span> <span class='ocrx_word' id='word_1_60' title='bbox 345 1250 413 1289; x_wconf 90' lang='lat' dir='ltr'>cum</span> <span class='ocrx_word' id='word_1_61' title='bbox 438 1232 565 1290; x_wconf 91' lang='lat' dir='ltr'>incursio</span> <span class='ocrx_word' id='word_1_62' title='bbox 590 1242 667 1290; x_wconf 89' lang='lat' dir='ltr'>esset</span> <span class='ocrx_word' id='word_1_63' title='bbox 690 1232 820 1291; x_wconf 89' lang='lat' dir='ltr'>hostium</span> <span class='ocrx_word' id='word_1_64' title='bbox 843 1234 985 1307; x_wconf 80' lang='lat' dir='ltr'>nontiota,</span> <span class='ocrx_word' id='word_1_65' title='bbox 1005 1234 1122 1292; x_wconf 79' lang='lat' dir='ltr'>festini-</span> 
     </span>
     <span class='ocr_line' id='line_1_10' title="bbox 169 1336 1121 1415; baseline 0.004 -21"><span class='ocrx_word' id='word_1_66' title='bbox 169 1336 250 1395; x_wconf 90' lang='lat' dir='ltr'>tione</span> <span class='ocrx_word' id='word_1_67' title='bbox 274 1356 310 1394; x_wconf 86' lang='lat' dir='ltr'>ac</span> <span class='ocrx_word' id='word_1_68' title='bbox 334 1338 460 1395; x_wconf 82' lang='lat' dir='ltr'>tumulto</span> <span class='ocrx_word' id='word_1_69' title='bbox 485 1343 673 1396; x_wconf 73' lang='lat' dir='ltr'>consternite</span> <span class='ocrx_word' id='word_1_70' title='bbox 699 1338 731 1396; x_wconf 90' lang='lat' dir='ltr'>in</span> <span class='ocrx_word' id='word_1_71' title='bbox 756 1339 856 1413; x_wconf 85' lang='lat' dir='ltr'>sugam</span> <span class='ocrx_word' id='word_1_72' title='bbox 879 1344 944 1397; x_wconf 77' lang='lat' dir='ltr'>soso</span> <span class='ocrx_word' id='word_1_73' title='bbox 969 1340 1121 1415; x_wconf 90' lang='lat' dir='ltr'>proripuit,</span> 
     </span>
     <span class='ocr_line' id='line_1_11' title="bbox 168 1442 1169 1519; baseline 0.005 -20"><span class='ocrx_word' id='word_1_74' title='bbox 168 1451 257 1517; x_wconf 82' lang='lat' dir='ltr'>atque</span> <span class='ocrx_word' id='word_1_75' title='bbox 279 1443 310 1500; x_wconf 90' lang='lat' dir='ltr'>in</span> <span class='ocrx_word' id='word_1_76' title='bbox 330 1443 437 1518; x_wconf 83' lang='lat' dir='ltr'>palode</span> <span class='ocrx_word' id='word_1_77' title='bbox 459 1444 594 1518; x_wconf 76' lang='lat' dir='ltr'>proximi</span> <span class='ocrx_word' id='word_1_78' title='bbox 615 1442 733 1502; x_wconf 78' lang='lat' dir='ltr'>dolituit</span> <span class='ocrx_word' id='word_1_79' title='bbox 754 1453 784 1502; x_wconf 89' lang='lat' dir='ltr'>et</span> <span class='ocrx_word' id='word_1_80' title='bbox 805 1450 915 1519; x_wconf 87' lang='lat' dir='ltr'>perisse</span> <span class='ocrx_word' id='word_1_81' title='bbox 936 1446 1050 1503; x_wconf 78' lang='lat' dir='ltr'>crodita</span> <span class='ocrx_word' id='word_1_82' title='bbox 1066 1456 1120 1504; x_wconf 92' lang='lat' dir='ltr'>est.</span> <span class='ocrx_word' id='word_1_83' title='bbox 1144 1481 1169 1512; x_wconf 63' lang='grc' dir='ltr'><em>ω</em></span> 
     </span>
     <span class='ocr_line' id='line_1_12' title="bbox 169 1549 1121 1625; baseline 0.005 -20"><span class='ocrx_word' id='word_1_84' title='bbox 169 1549 276 1623; x_wconf 89' lang='lat' dir='ltr'>Neque</span> <span class='ocrx_word' id='word_1_85' title='bbox 291 1550 387 1607; x_wconf 89' lang='lat' dir='ltr'>multis</span> <span class='ocrx_word' id='word_1_86' title='bbox 402 1549 507 1608; x_wconf 80' lang='lat' dir='ltr'>diobus</span> <span class='ocrx_word' id='word_1_87' title='bbox 521 1559 590 1625; x_wconf 89' lang='lat' dir='ltr'>post</span> <span class='ocrx_word' id='word_1_88' title='bbox 603 1549 754 1608; x_wconf 85' lang='lat' dir='ltr'>inventam</span> <span class='ocrx_word' id='word_1_89' title='bbox 772 1568 834 1608; x_wconf 91' lang='lat' dir='ltr'>esse</span> <span class='ocrx_word' id='word_1_90' title='bbox 854 1569 971 1609; x_wconf 90' lang='lat' dir='ltr'>cervam</span> <span class='ocrx_word' id='word_1_91' title='bbox 991 1552 1121 1610; x_wconf 90' lang='lat' dir='ltr'>Sertorio</span> 
     </span>
     <span class='ocr_line' id='line_1_13' title="bbox 168 1654 1120 1733; baseline 0.004 -22"><span class='ocrx_word' id='word_1_92' title='bbox 168 1654 324 1712; x_wconf 74' lang='lat' dir='ltr'>nontiotur.</span> <span class='ocrx_word' id='word_1_93' title='bbox 366 1656 444 1712; x_wconf 91' lang='lat' dir='ltr'>Tum</span> <span class='ocrx_word' id='word_1_94' title='bbox 459 1673 537 1728; x_wconf 92' lang='lat' dir='ltr'>eum,</span> <span class='ocrx_word' id='word_1_95' title='bbox 549 1662 600 1730; x_wconf 91' lang='lat' dir='ltr'>qui</span> <span class='ocrx_word' id='word_1_96' title='bbox 613 1656 806 1728; x_wconf 81' lang='lat' dir='ltr'>nontiiverat,</span> <span class='ocrx_word' id='word_1_97' title='bbox 818 1656 901 1715; x_wconf 90' lang='lat' dir='ltr'>iussit</span> <span class='ocrx_word' id='word_1_98' title='bbox 915 1661 1023 1730; x_wconf 70' lang='lat' dir='ltr'>timore,</span> <span class='ocrx_word' id='word_1_99' title='bbox 1034 1676 1120 1733; x_wconf 87' lang='lat' dir='ltr'>prae-</span> 
     </span>
     <span class='ocr_line' id='line_1_14' title="bbox 167 1761 1119 1837; baseline 0.005 -20"><span class='ocrx_word' id='word_1_100' title='bbox 167 1761 317 1835; x_wconf 80' lang='lat' dir='ltr'>copitque,</span> <span class='ocrx_word' id='word_1_101' title='bbox 341 1770 373 1818; x_wconf 93' lang='lat' dir='ltr'>ut</span> <span class='ocrx_word' id='word_1_102' title='bbox 398 1780 464 1818; x_wconf 88' lang='lat' dir='ltr'>eam</span> <span class='ocrx_word' id='word_1_103' title='bbox 489 1766 609 1836; x_wconf 90' lang='lat' dir='ltr'>postero</span> <span class='ocrx_word' id='word_1_104' title='bbox 634 1761 683 1819; x_wconf 79' lang='lat' dir='ltr'>dio</span> <span class='ocrx_word' id='word_1_105' title='bbox 709 1772 830 1837; x_wconf 90' lang='lat' dir='ltr'>repente</span> <span class='ocrx_word' id='word_1_106' title='bbox 856 1762 887 1820; x_wconf 90' lang='lat' dir='ltr'>in</span> <span class='ocrx_word' id='word_1_107' title='bbox 915 1782 983 1821; x_wconf 91' lang='lat' dir='ltr'>eum</span> <span class='ocrx_word' id='word_1_108' title='bbox 1010 1763 1119 1836; x_wconf 90' lang='lat' dir='ltr'>locum,</span> 
     </span>
     <span class='ocr_line' id='line_1_15' title="bbox 167 1865 1119 1941; baseline 0.006 -19"><span class='ocrx_word' id='word_1_109' title='bbox 167 1865 197 1923; x_wconf 93' lang='lat' dir='ltr'>in</span> <span class='ocrx_word' id='word_1_110' title='bbox 226 1872 286 1941; x_wconf 91' lang='lat' dir='ltr'>quo</span> <span class='ocrx_word' id='word_1_111' title='bbox 314 1868 377 1941; x_wconf 88' lang='lat' dir='ltr'>ipse</span> <span class='ocrx_word' id='word_1_112' title='bbox 406 1886 474 1924; x_wconf 92' lang='lat' dir='ltr'>cum</span> <span class='ocrx_word' id='word_1_113' title='bbox 503 1874 603 1925; x_wconf 87' lang='lat' dir='ltr'>amicis</span> <span class='ocrx_word' id='word_1_114' title='bbox 631 1878 718 1939; x_wconf 90' lang='lat' dir='ltr'>esset,</span> <span class='ocrx_word' id='word_1_115' title='bbox 743 1868 925 1927; x_wconf 86' lang='lat' dir='ltr'>immitteret.</span> <span class='ocrx_word' id='word_1_116' title='bbox 977 1870 1119 1929; x_wconf 88' lang='lat' dir='ltr'>Admissis</span> 
     </span>
     <span class='ocr_line' id='line_1_16' title="bbox 167 1970 1165 2055; baseline 0.009 -26"><span class='ocrx_word' id='word_1_117' title='bbox 167 1970 276 2030; x_wconf 90' lang='lat' dir='ltr'>deinde</span> <span class='ocrx_word' id='word_1_118' title='bbox 292 1979 392 2031; x_wconf 89' lang='lat' dir='ltr'>amicis</span> <span class='ocrx_word' id='word_1_119' title='bbox 407 1973 549 2048; x_wconf 74' lang='lat' dir='ltr'>postridio</span> <span class='ocrx_word' id='word_1_120' title='bbox 565 1980 656 2032; x_wconf 84' lang='lat' dir='ltr'>visam</span> <span class='ocrx_word' id='word_1_121' title='bbox 678 1974 733 2034; x_wconf 90' lang='lat' dir='ltr'>sibi</span> <span class='ocrx_word' id='word_1_122' title='bbox 756 1975 797 2033; x_wconf 86' lang='lat' dir='ltr'>ait</span> <span class='ocrx_word' id='word_1_123' title='bbox 817 1976 848 2033; x_wconf 90' lang='lat' dir='ltr'>in</span> <span class='ocrx_word' id='word_1_124' title='bbox 869 1976 968 2051; x_wconf 78' lang='lat' dir='ltr'>quiote</span> <span class='ocrx_word' id='word_1_125' title='bbox 990 1995 1118 2050; x_wconf 86' lang='lat' dir='ltr'>cervam,</span> <span class='ocrx_word' id='word_1_126' title='bbox 1141 2007 1165 2055; x_wconf 77' lang='grc' dir='ltr'>ις</span> 
     </span>
     <span class='ocr_line' id='line_1_17' title="bbox 166 2079 1117 2157; baseline 0.007 -22"><span class='ocrx_word' id='word_1_127' title='bbox 166 2096 242 2153; x_wconf 88' lang='lat' dir='ltr'>quae</span> <span class='ocrx_word' id='word_1_128' title='bbox 270 2085 403 2153; x_wconf 89' lang='lat' dir='ltr'>perisset,</span> <span class='ocrx_word' id='word_1_129' title='bbox 423 2079 461 2136; x_wconf 84' lang='lat' dir='ltr'>ad</span> <span class='ocrx_word' id='word_1_130' title='bbox 489 2085 521 2138; x_wconf 79' lang='lat' dir='ltr'>so</span> <span class='ocrx_word' id='word_1_131' title='bbox 549 2087 654 2138; x_wconf 88' lang='lat' dir='ltr'>reverti</span> <span class='ocrx_word' id='word_1_132' title='bbox 681 2090 720 2153; x_wconf 89' lang='lat' dir='ltr'>et,</span> <span class='ocrx_word' id='word_1_133' title='bbox 742 2091 775 2139; x_wconf 92' lang='lat' dir='ltr'>ut</span> <span class='ocrx_word' id='word_1_134' title='bbox 801 2083 880 2156; x_wconf 88' lang='lat' dir='ltr'>prius</span> <span class='ocrx_word' id='word_1_135' title='bbox 908 2083 1117 2157; x_wconf 76' lang='lat' dir='ltr'>consuevisset,</span> 
     </span>
     <span class='ocr_line' id='line_1_18' title="bbox 166 2184 1117 2266; baseline 0.001 -25"><span class='ocrx_word' id='word_1_136' title='bbox 166 2185 248 2260; x_wconf 91' lang='lat' dir='ltr'>quod</span> <span class='ocrx_word' id='word_1_137' title='bbox 263 2202 338 2259; x_wconf 89' lang='lat' dir='ltr'>opus</span> <span class='ocrx_word' id='word_1_138' title='bbox 354 2193 431 2242; x_wconf 89' lang='lat' dir='ltr'>esset</span> <span class='ocrx_word' id='word_1_139' title='bbox 445 2184 532 2256; x_wconf 80' lang='lat' dir='ltr'>sacto,</span> <span class='ocrx_word' id='word_1_140' title='bbox 544 2185 723 2259; x_wconf 84' lang='lat' dir='ltr'>praedicere.</span> <span class='ocrx_word' id='word_1_141' title='bbox 758 2185 837 2241; x_wconf 90' lang='lat' dir='ltr'>Tum</span> <span class='ocrx_word' id='word_1_142' title='bbox 847 2185 969 2259; x_wconf 90' lang='lat' dir='ltr'>quidem</span> <span class='ocrx_word' id='word_1_143' title='bbox 981 2187 1117 2266; x_wconf 86' lang='lat' dir='ltr'>Sertorio,</span> 
     </span>
    </p>
   </div>
   <div class='ocr_carea' id='block_1_3' title="bbox 166 2275 1118 2366">
    <p class='ocr_par' dir='ltr' id='par_1_3' title="bbox 166 2275 1118 2366">
     <span class='ocr_line' id='line_1_19' title="bbox 166 2275 1118 2366; baseline 0.001 -20"><span class='ocrx_word' id='word_1_144' title='bbox 166 2289 247 2364; x_wconf 88' lang='lat' dir='ltr'>quod</span> <span class='ocrx_word' id='word_1_145' title='bbox 264 2289 467 2366; x_wconf 79' lang='lat' dir='ltr'>imperoverat,</span> <span class='ocrx_word' id='word_1_146' title='bbox 484 2290 664 2364; x_wconf 84' lang='lat' dir='ltr'>significante</span> <span class='ocrx_word' id='word_1_147' title='bbox 680 2308 769 2347; x_wconf 87' lang='lat' dir='ltr'>cerva</span> <span class='ocrx_word' id='word_1_148' title='bbox 783 2293 889 2348; x_wconf 81' lang='lat' dir='ltr'>omissa</span> <span class='ocrx_word' id='word_1_149' title='bbox 905 2291 936 2347; x_wconf 90' lang='lat' dir='ltr'>in</span> <span class='ocrx_word' id='word_1_150' title='bbox 949 2275 1118 2348; x_wconf 88' lang='lat' dir='ltr'>cubiculum</span> 
     </span>
    </p>
   </div>
   <div class='ocr_carea' id='block_1_4' title="bbox 160 2397 1167 3207">
    <p class='ocr_par' dir='ltr' id='par_1_4' title="bbox 165 2397 1167 2682">
     <span class='ocr_line' id='line_1_20' title="bbox 165 2397 1117 2470; baseline 0.003 -18"><span class='ocrx_word' id='word_1_151' title='bbox 165 2397 329 2470; x_wconf 79' lang='lat' dir='ltr'>intronipit</span> <span class='ocrx_word' id='word_1_152' title='bbox 375 2397 495 2454; x_wconf 80' lang='lat' dir='ltr'>Climor</span> <span class='ocrx_word' id='word_1_153' title='bbox 510 2398 603 2458; x_wconf 80' lang='lat' dir='ltr'>factus</span> <span class='ocrx_word' id='word_1_154' title='bbox 621 2407 651 2454; x_wconf 92' lang='lat' dir='ltr'>et</span> <span class='ocrx_word' id='word_1_155' title='bbox 667 2407 733 2454; x_wconf 88' lang='lat' dir='ltr'>orta</span> <span class='ocrx_word' id='word_1_156' title='bbox 746 2398 880 2455; x_wconf 89' lang='lat' dir='ltr'>omnium</span> <span class='ocrx_word' id='word_1_157' title='bbox 894 2397 1049 2455; x_wconf 78' lang='lat' dir='ltr'>admiritio</span> <span class='ocrx_word' id='word_1_158' title='bbox 1065 2408 1117 2455; x_wconf 90' lang='lat' dir='ltr'>est.</span> 
     </span>
     <span class='ocr_line' id='line_1_21' title="bbox 167 2501 1167 2577; baseline 0.002 -19"><span class='ocrx_word' id='word_1_159' title='bbox 167 2502 270 2575; x_wconf 87' lang='lat' dir='ltr'>anue</span> <span class='ocrx_word' id='word_1_160' title='bbox 285 2501 440 2559; x_wconf 92' lang='lat' dir='ltr'>hominum</span> <span class='ocrx_word' id='word_1_161' title='bbox 453 2501 643 2561; x_wconf 86' lang='lat' dir='ltr'>barbarorum</span> <span class='ocrx_word' id='word_1_162' title='bbox 655 2502 811 2560; x_wconf 77' lang='lat' dir='ltr'>crodulitos</span> <span class='ocrx_word' id='word_1_163' title='bbox 826 2504 954 2562; x_wconf 85' lang='lat' dir='ltr'>Sertorio</span> <span class='ocrx_word' id='word_1_164' title='bbox 965 2504 996 2561; x_wconf 91' lang='lat' dir='ltr'>in</span> <span class='ocrx_word' id='word_1_165' title='bbox 1007 2509 1118 2577; x_wconf 74' lang='lat' dir='ltr'>mognis</span> <span class='ocrx_word' id='word_1_166' title='bbox 1140 2530 1167 2560; x_wconf 85' lang='lat'>20</span> 
     </span>
     <span class='ocr_line' id='line_1_22' title="bbox 166 2606 530 2682; baseline 0.003 -19"><span class='ocrx_word' id='word_1_167' title='bbox 166 2606 253 2664; x_wconf 80' lang='lat' dir='ltr'>robus</span> <span class='ocrx_word' id='word_1_168' title='bbox 269 2612 376 2682; x_wconf 81' lang='lat' dir='ltr'>mogno</span> <span class='ocrx_word' id='word_1_169' title='bbox 390 2611 454 2666; x_wconf 83' lang='lat' dir='ltr'>osui</span> <span class='ocrx_word' id='word_1_170' title='bbox 468 2606 530 2664; x_wconf 85' lang='lat' dir='ltr'>luit.</span> 
     </span>
    </p>

    <p class='ocr_par' dir='ltr' id='par_1_5' title="bbox 160 2708 1160 3207">
     <span class='ocr_line' id='line_1_23' title="bbox 202 2708 1114 2783; baseline 0.004 -19"><span class='ocrx_word' id='word_1_171' title='bbox 202 2709 305 2766; x_wconf 92' lang='lat' dir='ltr'>Victus</span> <span class='ocrx_word' id='word_1_172' title='bbox 328 2713 434 2783; x_wconf 72' lang='lat' dir='ltr'>posteo</span> <span class='ocrx_word' id='word_1_173' title='bbox 458 2713 475 2765; x_wconf 79' lang='lat' dir='ltr'>i</span> <span class='ocrx_word' id='word_1_174' title='bbox 500 2708 643 2782; x_wconf 75' lang='lat' dir='ltr'>Pompoio</span> <span class='ocrx_word' id='word_1_175' title='bbox 666 2713 777 2766; x_wconf 79' lang='lat' dir='ltr'>motire</span> <span class='ocrx_word' id='word_1_176' title='bbox 798 2709 927 2783; x_wconf 76' lang='lat' dir='ltr'>priorem</span> <span class='ocrx_word' id='word_1_177' title='bbox 949 2714 1114 2768; x_wconf 76' lang='lat' dir='ltr'>minsuoto-</span> 
     </span>
     <span class='ocr_line' id='line_1_24' title="bbox 162 2813 1113 2891; baseline 0.002 -19"><span class='ocrx_word' id='word_1_178' title='bbox 162 2813 264 2872; x_wconf 89' lang='lat' dir='ltr'>dinem</span> <span class='ocrx_word' id='word_1_179' title='bbox 292 2813 436 2872; x_wconf 85' lang='lat' dir='ltr'>Sertorius</span> <span class='ocrx_word' id='word_1_180' title='bbox 470 2823 499 2871; x_wconf 88' lang='lat' dir='ltr'>et</span> <span class='ocrx_word' id='word_1_181' title='bbox 533 2813 571 2870; x_wconf 89' lang='lat' dir='ltr'>ad</span> <span class='ocrx_word' id='word_1_182' title='bbox 606 2813 788 2871; x_wconf 81' lang='lat' dir='ltr'>irocundiam</span> <span class='ocrx_word' id='word_1_183' title='bbox 816 2813 976 2873; x_wconf 78' lang='lat' dir='ltr'>doflectere</span> <span class='ocrx_word' id='word_1_184' title='bbox 1004 2816 1113 2891; x_wconf 89' lang='lat' dir='ltr'>coepit.</span> 
     </span>
     <span class='ocr_line' id='line_1_25' title="bbox 162 2919 1113 2994; baseline 0 -16"><span class='ocrx_word' id='word_1_185' title='bbox 162 2920 274 2978; x_wconf 92' lang='lat' dir='ltr'>Multos</span> <span class='ocrx_word' id='word_1_186' title='bbox 288 2920 329 2979; x_wconf 95' lang='lat' dir='ltr'>ob</span> <span class='ocrx_word' id='word_1_187' title='bbox 348 2919 545 2994; x_wconf 79' lang='lat' dir='ltr'>suspicionem</span> <span class='ocrx_word' id='word_1_188' title='bbox 567 2919 743 2993; x_wconf 76' lang='lat' dir='ltr'>proditionis</span> <span class='ocrx_word' id='word_1_189' title='bbox 764 2920 923 2978; x_wconf 77' lang='lat' dir='ltr'>crodoliter</span> <span class='ocrx_word' id='word_1_190' title='bbox 943 2921 1094 2979; x_wconf 79' lang='lat' dir='ltr'>interfocit</span> <span class='ocrx_word' id='word_1_191' title='bbox 1104 2942 1113 2994; x_wconf 83' lang='lat'>3</span> 
     </span>
     <span class='ocr_line' id='line_1_26' title="bbox 160 3025 1160 3109; baseline 0.001 -25"><span class='ocrx_word' id='word_1_192' title='bbox 160 3025 241 3084; x_wconf 89' lang='lat' dir='ltr'>unde</span> <span class='ocrx_word' id='word_1_193' title='bbox 263 3025 403 3101; x_wconf 71' lang='lat' dir='ltr'>paulitim</span> <span class='ocrx_word' id='word_1_194' title='bbox 425 3025 496 3083; x_wconf 90' lang='lat' dir='ltr'>odio</span> <span class='ocrx_word' id='word_1_195' title='bbox 517 3043 581 3083; x_wconf 88' lang='lat' dir='ltr'>esse</span> <span class='ocrx_word' id='word_1_196' title='bbox 599 3026 700 3100; x_wconf 89' lang='lat' dir='ltr'>coepit</span> <span class='ocrx_word' id='word_1_197' title='bbox 717 3027 865 3090; x_wconf 85' lang='lat' dir='ltr'>exercitui.</span> <span class='ocrx_word' id='word_1_198' title='bbox 908 3029 1037 3085; x_wconf 79' lang='lat' dir='ltr'>Romini</span> <span class='ocrx_word' id='word_1_199' title='bbox 1050 3045 1112 3085; x_wconf 92' lang='lat' dir='ltr'>mo·</span> <span class='ocrx_word' id='word_1_200' title='bbox 1135 3062 1160 3109; x_wconf 81' lang='lat'>²5</span> 
     </span>
     <span class='ocr_line' id='line_1_27' title="bbox 160 3132 1112 3207; baseline 0.001 -17"><span class='ocrx_word' id='word_1_201' title='bbox 160 3133 234 3190; x_wconf 80' lang='lat' dir='ltr'>lesto</span> <span class='ocrx_word' id='word_1_202' title='bbox 252 3132 394 3204; x_wconf 80' lang='lat' dir='ltr'>ferobant,</span> <span class='ocrx_word' id='word_1_203' title='bbox 410 3132 492 3206; x_wconf 93' lang='lat' dir='ltr'>quod</span> <span class='ocrx_word' id='word_1_204' title='bbox 514 3132 655 3206; x_wconf 80' lang='lat' dir='ltr'>Hisponis</span> <span class='ocrx_word' id='word_1_205' title='bbox 678 3132 771 3207; x_wconf 86' lang='lat' dir='ltr'>magis</span> <span class='ocrx_word' id='word_1_206' title='bbox 793 3150 881 3206; x_wconf 83' lang='lat' dir='ltr'>quam</span> <span class='ocrx_word' id='word_1_207' title='bbox 904 3133 960 3191; x_wconf 91' lang='lat' dir='ltr'>sibi</span> <span class='ocrx_word' id='word_1_208' title='bbox 976 3133 1112 3191; x_wconf 85' lang='lat' dir='ltr'>conlide-</span> 
     </span>
    </p>
   </div>
   <div class='ocr_carea' id='block_1_5' title="bbox 159 3389 987 3519">
    <p class='ocr_par' dir='ltr' id='par_1_6' title="bbox 159 3389 987 3519">
     <span class='ocr_line' id='line_1_28' title="bbox 162 3389 987 3446; baseline -0.001 -11"><span class='ocrx_word' id='word_1_209' title='bbox 162 3391 195 3435; x_wconf 86' lang='lat'>18.</span> <span class='ocrx_word' id='word_1_210' title='bbox 212 3389 356 3441; x_wconf 82' lang='lat' dir='ltr'>cubiculum¹</span> <span class='ocrx_word' id='word_1_211' title='bbox 369 3402 440 3433; x_wconf 82' lang='lat' dir='ltr'>room.</span> <span class='ocrx_word' id='word_1_212' title='bbox 663 3390 698 3433; x_wconf 85' lang='lat'>26.</span> <span class='ocrx_word' id='word_1_213' title='bbox 714 3389 837 3446; x_wconf 78' lang='lat' dir='ltr'>Hisponis,</span> <span class='ocrx_word' id='word_1_214' title='bbox 848 3390 987 3446; x_wconf 72' lang='lat' dir='ltr'>Spaniards.</span> 
     </span>
     <span class='ocr_line' id='line_1_29' title="bbox 159 3463 557 3519; baseline 0 -11"><span class='ocrx_word' id='word_1_215' title='bbox 159 3479 194 3509; x_wconf 83' lang='lat'>22.</span> <span class='ocrx_word' id='word_1_216' title='bbox 212 3463 429 3516; x_wconf 71' lang='lat' dir='ltr'>monsuetiidinem</span> <span class='ocrx_word' id='word_1_217' title='bbox 440 3463 557 3519; x_wconf 69' lang='lat' dir='ltr'>clemency.</span> 
     </span>
    </p>
   </div>
   <div class='ocr_carea' id='block_1_6' title="bbox 0 0 1376 3975">
    <p class='ocr_par' dir='ltr' id='par_1_7' title="bbox 0 0 1376 3975">
     <span class='ocr_line' id='line_1_30' title="bbox 0 0 1376 3975; baseline 0 5"><span class='ocrx_word' id='word_1_218' title='bbox 0 0 1376 3975; x_wconf 95' lang='lat' dir='ltr'> </span> 
     </span>
    </p>
   </div>
  </div>
 </body>
</html>
