2742 3975
235 303 274 369 52
450 288 546 352 Urbis
568 288 694 349 Romae
726 286 800 350 Vin·
820 286 971 349 Illustres

231 528 300 569 cum
317 510 448 569 exercitu
467 509 506 568 ad
525 509 629 567 urbem
646 509 735 580 venit,
753 526 820 567 eam
839 515 926 567 armis
944 510 1110 585 occupiut,
1125 510 1183 569 Sul·

230 616 342 692 picium
362 615 523 685 interfecit,
546 615 674 673 Marium
699 614 819 689 fugivit.
865 614 977 673 Marius
999 614 1099 674 hostes
1122 634 1184 691 per·

230 726 387 797 sequentes
412 721 525 796 fugiens
550 719 732 795 aliquamdiu
754 720 785 777 in
809 718 919 794 palude
946 720 1070 779 delituit.
1124 723 1185 781 Sed

230 828 318 903 paulo
339 836 408 903 post
427 836 561 902 repertus
583 832 800 900 extructusque,
819 834 852 883 ut
873 835 936 884 erat
956 825 1038 885 nudo
1056 844 1185 902 corpore

194 951 205 998 ς
230 938 383 1007 caenoque
404 932 522 1003 oblitus,
537 932 648 989 iniecto
669 932 701 989 in
721 931 829 989 collum
850 931 914 989 loro
935 932 1100 991 Minturnis
1116 952 1184 1009 rap-

230 1048 276 1098 tus
297 1048 328 1096 et
352 1038 383 1096 in
401 1037 568 1097 custodiam
590 1037 743 1095 coniectus
757 1046 811 1096 est.
854 1038 961 1095 Missus
984 1037 1089 1096 estad
1113 1057 1185 1096 eum

230 1143 429 1203 occidendum
448 1161 548 1202 servus
567 1143 711 1217 publicus,
725 1143 845 1201 uitione
862 1142 992 1215 Cimber,
1006 1161 1097 1218 quem
1117 1147 1184 1203 Ma-

230 1250 289 1307 rius
310 1249 406 1307 vultus
431 1248 605 1307 auctoritate
630 1247 781 1306 dcterruit.
823 1249 901 1307 Cum
925 1250 1006 1307 enim
1030 1222 1185 1308 homiuem

229 1356 269 1414 ad
290 1360 322 1415 se
342 1355 444 1414 stricto
464 1354 563 1430 gladio
580 1354 749 1412 venientem
763 1354 893 1429 vidisset,
924 1356 1046 1427 “Tune,
1061 1356 1184 1428 homo‚”

182 1482 209 1513 10
229 1461 333 1536 inquit,
359 1464 377 1491 “
387 1461 422 1519 C.
451 1460 580 1518 Marium
609 1458 732 1518 audibis
759 1459 945 1518 occidere?”
987 1461 1056 1534 Quo
1080 1462 1184 1521 audIto

229 1567 370 1627 attonitus
391 1566 439 1624 ille
460 1584 495 1624 ac
517 1570 646 1624 tremens
667 1566 785 1623 abiecto
804 1565 880 1623 ferro
899 1566 983 1641 sugit,
1000 1567 1130 1625 Marium
1151 1572 1184 1627 se

229 1678 290 1733 non
311 1689 399 1747 posse
424 1671 563 1731 occidere
587 1671 751 1729 climitins.
793 1671 904 1729 Marius
929 1670 1039 1731 deinde
1067 1674 1183 1745 abeis,

228 1785 280 1854 qui
310 1779 391 1854 prius
429 1795 497 1835 eum
532 1776 670 1835 occidere
704 1777 865 1849 voluerant,
893 1782 911 1835 δ
943 1795 1062 1837 carcere
1095 1781 1183 1839 emis-

228 1904 276 1943 sus
297 1894 351 1943 est.

181 2011 206 2060 ¹5
268 1993 403 2067 Accepti
433 1990 568 2048 niviculzi
598 1990 630 2047 in
656 1975 787 2047 iliricum
816 1990 930 2048 trTaiecit
961 2000 991 2048 et
1020 1991 1050 2049 in
1078 2010 1184 2067 agrum

228 2097 502 2172 Carthaginiensem
530 2095 672 2170 pervenit.
716 2095 763 2153 Ibi
790 2112 859 2151 cum
885 2095 917 2152 in
943 2095 1015 2154 locis
1047 2098 1184 2156 solitariis

227 2203 353 2273 sederet,
367 2204 448 2261 venit
472 2201 511 2260 ad
536 2219 604 2259 eum
627 2201 713 2258 lictor
740 2201 852 2259 Sextilii
874 2201 1026 2275 praetoris,
1043 2209 1095 2277 qui
1118 2213 1184 2262 tum

226 2293 357 2366 tifricam
379 2307 541 2367 obtinebat.
583 2307 631 2365 Ab
654 2306 722 2377 hoc,
741 2323 832 2381 quem
855 2324 1016 2380 numquam
1040 2308 1185 2382 laesisset,

227 2413 339 2472 Marius
353 2413 541 2471 humanitatis
561 2421 660 2470 tamen
680 2410 800 2486 aliquod
819 2411 949 2469 officium
969 2414 1163 2488 exspectz’tbat
1173 2438 1183 2489 3

177 2539 207 2571 20
226 2529 257 2578 at
277 2519 362 2577 lictor
383 2517 531 2577 decidere
553 2535 622 2574 cum
646 2517 800 2592 provincii
822 2518 913 2587 iussit,
933 2517 989 2576 nisi
1011 2519 1042 2576 in
1064 2524 1096 2578 se
1118 2522 1183 2579 ani-

227 2615 371 2684 maduerti
394 2624 501 2696 vellet;
530 2627 672 2697 torvique
697 2623 862 2680 intuentem
886 2632 917 2680 et
940 2629 1047 2682 vocem
1070 2626 1185 2685 millam

227 2730 412 2788 emittentem
441 2729 569 2792 Marium
598 2728 710 2803 rogavit
737 2727 868 2801 tandem,
890 2728 998 2803 ecquid
1022 2733 1186 2791 renuntiari

226 2841 354 2912 praetori
375 2835 471 2892 vellet.
521 2835 599 2891 Tum
623 2833 744 2906 Marius,
784 2833 897 2905 “Abu”
917 2835 1022 2909 inquit,
1041 2839 1183 2908 “nuntii,

224 2942 330 3001 vidisse
356 2946 386 2999 te
409 2941 516 3000 Gaium
542 2939 669 2997 Marium
698 2939 729 2996 in
753 2939 937 3014 Catthi-ginis
959 2947 1047 2999 ruinis
1074 2943 1184 3001 seden-

176 3069 203 3118 ²5
225 3049 319 3106 tem.'’
376 3046 501 3104 Duobus
536 3044 702 3102 clarissimis
736 3045 879 3118 exemplis
912 3045 951 3103 de
983 3046 1186 3108 inconstantia

225 3158 323 3212 remm
341 3153 534 3211 humanorum
554 3169 622 3209 eum
639 3149 830 3220 admonebat,
846 3167 915 3208 cum
936 3162 966 3209 et
986 3151 1067 3210 urbis
1087 3156 1183 3213 mixi-

225 3277 291 3317 mae
317 3257 464 3317 excidium
485 3266 516 3315 et
535 3257 590 3314 viri
610 3255 762 3314 clirissimi
783 3261 883 3314 cisum
906 3265 974 3314 aute
999 3258 1101 3317 oculos
1125 3267 1184 3337 po-

224 3374 316 3423 neret.

266 3471 403 3529 Profecto
423 3469 461 3528 ad
480 3469 588 3527 bellum
611 3467 845 3528 Mithridaticum
864 3468 943 3530 Sullz‘t
962 3469 1074 3530 Marius
1095 3489 1186 3533 revo-
