2742 3975
424 310 568 387 Quintus
591 310 713 373 Fabius
735 310 909 372 Maximus
1095 321 1135 387 27

185 535 321 610 ligneam,
349 533 480 607 undique
509 533 595 591 clavis
629 536 793 607 praeacutis
821 531 991 590 horrentem
1019 538 1049 588 et
1076 539 1137 587 tam

185 649 347 715 angustam,
368 640 401 697 ut
423 643 538 697 erictus
558 643 704 714 perpetuo
726 642 846 695 manere
867 640 1030 712 cogeretur,
1046 634 1136 693 inclu-

185 749 292 803 serunt.
336 747 383 803 Ita
402 745 473 803 dum
492 744 601 803 fessum
620 762 738 819 corpus
760 748 948 818 quocumque
970 741 1137 813 inclinabat,

185 852 308 909 stimulis
336 852 435 909 ferreis
464 850 640 921 confoditur,
669 849 773 925 vigiliis
800 859 831 907 et
861 848 963 907 dolore
996 846 1138 906 continuo

185 958 378 1032 interimptus
401 967 454 1015 est.
498 958 558 1015 Hic
578 956 632 1013 luit
653 956 733 1013 Atilii
753 954 860 1030 Reguli
880 954 983 1026 exitus,
997 953 1062 1028 ipsa
1081 958 1140 1011 ulti
1174 977 1185 1025 ς

186 1063 289 1122 clarior
305 1072 335 1121 et
349 1062 505 1121 inlustrior.

345 1318 424 1374 XV.
457 1318 608 1383 Quintus
626 1316 759 1369 Fabius
778 1315 974 1370 Maximus.

573 1456 687 1511 218-203
705 1462 754 1500 ac.

227 1586 387 1659 Hannibal,
417 1586 594 1645 Hamilcaris
622 1586 711 1658 tilius,
739 1602 847 1644 novem
880 1588 973 1643 annos
1000 1589 1094 1652 natus,
1122 1589 1141 1643 δ

186 1703 270 1768 patre
292 1698 347 1751 iris
368 1691 514 1765 admotus,
530 1692 633 1751 odium
654 1692 685 1749 in
707 1692 858 1757 Romanos
878 1708 1009 1766 perenne
1026 1690 1138 1749 iuravit.

188 1799 273 1873 Quae
288 1804 334 1857 res
348 1799 477 1857 maxime
491 1797 606 1857 videtur
625 1798 789 1856 concitssasse
810 1796 974 1855 secundum
997 1796 1140 1854 Punicum

137 1935 138 1938 κ
188 1904 306 1962 bellum.
349 1905 428 1962 Nam
444 1908 560 1963 mortuo
576 1903 747 1962 Hamilcare
763 1903 922 1974 Hannibal,
938 1920 1057 1961 causam
1073 1902 1141 1961 belli
1162 1918 1189 1949 10

189 2016 341 2085 quaerens,
356 2012 526 2087 Saguntum,
540 2011 689 2069 civilitem
705 2010 867 2085 Hispaniae
881 2011 1023 2068 Romanis
1039 2008 1139 2068 loede-

189 2107 291 2189 ratam,
313 2118 427 2176 evertit.
469 2117 657 2196 Quapropter
679 2117 778 2174 Roma
800 2119 879 2174 missi
900 2126 967 2174 sunt
988 2115 1139 2191 Carthagi·

187 2241 256 2281 nem
271 2224 367 2299 legiti,
382 2228 433 2298 qui
448 2222 657 2295 Hannibalem,
672 2221 743 2280 mali
759 2226 920 2294 auctorem,
936 2232 1140 2298 exposcerent.

187 2330 460 2405 Tergiversantibus
481 2330 587 2388 Poenis
609 2328 736 2404 Quintus
758 2328 875 2401 Fabius,
889 2328 1042 2403 legitionis
1063 2334 1140 2403 prin·

189 2453 269 2510 ceps,
285 2435 350 2493 sinii
371 2453 408 2492 cx
429 2441 499 2510 toga
519 2435 608 2510 facto,
642 2439 659 2465 “
671 2436 761 2506 Hic,¹'
776 2434 880 2508 inquit,
896 2434 1009 2493 “vobis
1030 2433 1140 2493 bellum
1163 2456 1187 2504 ις

189 2551 219 2598 et
246 2546 352 2616 pacem
379 2546 530 2616 portamus
541 2561 550 2613 3
581 2550 677 2598 utrum
706 2539 814 2614 placet,
843 2540 979 2599 sumite.”
1034 2541 1140 2599 Poenis

189 2645 273 2704 daret
293 2656 391 2704 utrum
411 2645 501 2704 vellet
521 2645 779 2717 succlamantibus,
800 2645 908 2704 Fabius
929 2650 1052 2704 excussa
1072 2650 1142 2721 toga
1230 2711 1235 2718 ,

188 2752 298 2811 bellum
313 2757 345 2810 εδ
359 2751 430 2810 dare
444 2751 526 2811 dixit.
568 2753 661 2810 Poeni
675 2752 811 2826 accipere
825 2755 857 2810 se
871 2750 1086 2825 respondimnt
1100 2761 1139 2822 et,

188 2857 294 2933 quibus
314 2858 485 2932 acciperent
505 2857 618 2927 animis,
638 2857 749 2916 eisdem
772 2861 804 2915 εδ
824 2861 966 2933 gesturos.

229 2963 382 3022 Hannibal
396 2968 538 3037 superatis
553 2965 694 3036 Pyrenaei
708 2973 738 3021 et
751 2963 870 3038 Alpium
892 2963 964 3038 iugis
979 2963 1009 3020 in
1025 2962 1141 3021 Italiam
1161 2987 1189 3018 20

187 3069 276 3127 venit.
319 3068 453 3128 Publium
468 3068 637 3143 Scipionem
658 3067 738 3143 apud
758 3069 893 3126 Ticinum
916 3087 1044 3142 amnem,
1058 3069 1139 3133 Sem-

188 3175 325 3251 pronium
348 3173 428 3249 apud
450 3174 599 3246 Trebiam,
621 3174 797 3232 Flaminium
822 3174 902 3249 apud
926 3176 1140 3233 Trasumenum

187 3281 284 3339 lacum
307 3280 479 3356 profligavit.

228 3386 376 3444 Adversus
396 3386 513 3445 hostem
528 3386 636 3444 totiens
650 3387 793 3445 victorem
815 3391 918 3444 missus
941 3386 1067 3460 Quintus
1085 3387 1140 3443 Fa-

189 3491 254 3552 bius
271 3493 398 3551 dictator
420 3491 597 3550 Hannibalis
618 3492 763 3566 impetum
784 3498 866 3550 mora
887 3492 971 3567 fregit
982 3513 990 3564 3
1013 3509 1140 3567 namque
1161 3511 1187 3558 25
