2742 3975
214 261 257 321 80
426 258 524 321 Urbis
546 258 673 319 Romae
706 257 781 320 Viri
801 258 953 319 Illustres
989 214 991 219 V

214 479 371 554 proeliitus
393 480 573 537 Cremtinam
597 476 753 536 obsidieue
778 477 896 548 eximit,
918 477 1099 535 Placentiam
1122 482 1163 535 tir-

214 592 290 644 titus
311 595 366 657 est,
381 583 522 642 duodena
538 593 635 642 castra
651 584 779 642 hostium
794 584 824 641 in
840 582 935 642 Gallia
948 584 1038 658 cepit.
1080 586 1098 614 “
1109 584 1164 642 Ces

214 698 269 750 teri
291 690 456 766 profect6,”
481 690 590 747 Plinius
612 689 706 762 addit,
723 692 874 748 “victbres
899 689 1052 747 hominum
1075 689 1165 761 fuere,

213 797 329 872 Sergius
348 797 419 854 vicit
440 796 529 853 etiarn
552 797 734 854 sortrinam.''

180 921 191 969 5
254 902 435 977 Singulirem
470 902 555 959 hfiius
588 902 643 959 viri
678 901 802 977 gluriam
837 900 925 959 foede
960 882 1168 959 dehonestivit¹

213 1009 392 1083 proneptitis.
407 1008 511 1065 scelus.
555 1009 615 1066 Hic
638 1008 718 1065 enim
742 1013 784 1064 rei
807 1006 963 1079 familiaris,
984 1025 1073 1081 quarn
1097 1026 1164 1082 pro-

214 1115 342 1185 suderat,
370 1114 471 1189 inopia
503 1113 722 1187 multemmque
753 1113 897 1170 scelerum
926 1113 1109 1171 &inscientia
1135 1113 1166 1170 in

213 1221 341 1278 furerem
362 1226 444 1278 ictus
465 1229 496 1277 et
516 1219 691 1277 dominandi
718 1218 879 1293 cupiditate
906 1218 1044 1277 incensus
1072 1216 1164 1293 indig-

213 1333 366 1401 natusque,
383 1324 465 1400 quod
487 1326 517 1383 in
538 1326 681 1400 petitiune
704 1325 872 1383 crinsulaitris
893 1324 1042 1399 repulsam
1062 1341 1164 1398 passus

132 1459 193 1505 ,10
214 1441 301 1504 esset,
329 1432 531 1489 conifiritirine
559 1431 637 1489 facta
666 1436 800 1488 senatum
832 1430 1002 1501 erinfodere,
1030 1429 1165 1488 c6nsules

213 1537 369 1609 trucidire,
396 1538 501 1595 urbem
530 1536 700 1607 incendere,
729 1535 856 1611 diripere
885 1536 1028 1594 aerarium
1056 1535 1164 1593 cunsti-

213 1654 317 1703 tuerat.
358 1636 468 1701 A'ctum
496 1652 559 1700 erat
587 1641 626 1701 d'e'
654 1642 855 1717 pulcherrimi
880 1642 1015 1717 imperi6,
1036 1642 1092 1700 nisi
1115 1641 1165 1699 illa

213 1750 376 1808 coniuratis>
399 1749 430 1806 in
450 1748 629 1807 Cicer6nem
652 1758 681 1806 et
702 1748 865 1806 Antenium
886 1748 1020 1806 censules
1045 1746 1163 1805 incidis·

213 1866 266 1926 set,
287 1860 413 1929 quinum
439 1855 511 1912 alter
539 1853 682 1912 industria
709 1872 771 1912 rem
800 1854 953 1929 patelecit,
975 1854 1048 1911 alter
1076 1858 1164 1911 marui

166 1979 190 2028 ις
213 1961 369 2037 oppressit.
411 1960 489 2020 Cum
517 1959 624 2019 Cicera
655 1960 758 2020 habitu
787 1964 890 2019 senili
918 1960 950 2018 in
976 1969 1163 2035 praesentem

213 2087 295 2126 reum
330 2073 503 2143 pertiraisset,
533 2066 668 2140 Catilina,
697 2067 868 2126 incendium
897 2085 981 2125 suum
1016 2072 1099 2124 ruina
1132 2071 1164 2124 se

212 2174 418 2232 restinctirum
440 2191 504 2231 esse
529 2173 674 2244 minitans,
695 2175 793 2232 Reima
813 2174 942 2250 proffigit
966 2183 996 2232 et
1021 2172 1058 2231 ad
1082 2191 1163 2231 exer·

212 2281 312 2352 citum,
328 2297 417 2354 quern
433 2284 593 2353 paraverat,
609 2279 812 2353 proficiscitur,
827 2287 909 2355 signa
930 2281 1069 2340 inlaturus
1089 2283 1162 2340 urbi.

186 2438 191 2445 .
212 2385 271 2446 Sed
299 2385 372 2443 socii
398 2385 469 2455 eius,
491 2390 542 2459 qui
569 2385 599 2442 in
623 2385 697 2443 urbe
726 2392 934 2458 remanserant,
957 2389 1164 2464 comprehensi

163 2518 191 2549 ιο
211 2492 243 2549 in
267 2509 385 2549 carcere
408 2495 505 2548 necati
529 2499 605 2548 sunt.
647 2493 680 2548 A.
705 2492 832 2564 Fulvius,
856 2493 900 2550 vir
925 2494 1062 2552 semitarii
1085 2494 1162 2552 indi-

211 2599 256 2656 nis
279 2597 383 2668 tilium,
405 2597 540 2654 iuvenem
563 2605 594 2653 et
616 2597 734 2672 ingenii)
758 2608 788 2656 et
810 2599 907 2657 firma
930 2600 1007 2657 inter
1027 2601 1163 2674 aequales

211 2705 365 2774 nitentem,
393 2707 484 2777 prave
512 2702 637 2760 utinsilia
666 2703 809 2762 Catilinae
840 2705 1000 2763 amicitiam
1029 2710 1163 2764 secitum

211 2811 300 2883 inque
323 2817 417 2866 castra
440 2809 502 2866 eius
526 2818 672 2880 ruentem,
695 2827 731 2866 ex
754 2809 855 2868 medii)
877 2810 981 2868 itinere
1004 2817 1163 2870 retrictum

211 2915 356 2990 supplicii>
384 2915 487 2971 mortis
517 2914 641 2985 adfecit,
670 2916 830 2989 praefatus
859 2921 919 2973 nim
954 2921 985 2974 se
1017 2917 1163 2975 Catilinae

162 3031 188 3078 ²5
211 3022 290 3079 illum
316 3020 455 3078 adversus
477 3021 612 3095 patriam,
634 3019 688 3077 sed
711 3021 823 3095 patriae
846 3020 984 3080 adversus
1006 3023 1163 3080 Catilinam

211 3145 356 3204 genuisse.

223 3384 244 3427 6.
258 3381 618 3438 pronepetis‚great-granrson.
713 3395 748 3438 24.
763 3381 894 3439 praefatus,
906 3384 997 3440 having
1003 3383 1128 3439 firstrar'd.

212 3470 246 3501 22.
261 3457 382 3509 nitentem,
393 3457 546 3512 conspicuous.
