<?xml version="1.0" encoding="UTF-8"?>
<!DOCTYPE html PUBLIC "-//W3C//DTD XHTML 1.0 Transitional//EN"
    "http://www.w3.org/TR/xhtml1/DTD/xhtml1-transitional.dtd">
<html xmlns="http://www.w3.org/1999/xhtml" xml:lang="en" lang="en">
 <head>
  <title>
</title>
<meta http-equiv="Content-Type" content="text/html;charset=utf-8" />
  <meta name='ocr-system' content='tesseract 3.04.00' />
  <meta name='ocr-capabilities' content='ocr_page ocr_carea ocr_par ocr_line ocrx_word'/>
</head>
<body>
  <div class='ocr_page' id='page_1' title='image "./selectionsfromv02lhogoog_0105.png"; bbox 0 0 2742 3975; ppageno 0'>
   <div class='ocr_carea' id='block_1_1' title="bbox 494 271 1158 353">
    <p class='ocr_par' dir='ltr' id='par_1_1' title="bbox 494 271 1158 353">
     <span class='ocr_line' id='line_1_1' title="bbox 494 271 1158 353; baseline 0.006 -20"><span class='ocrx_word' id='word_1_1' title='bbox 494 271 602 334; x_wconf 81' lang='lat' dir='ltr'>Gaius</span> <span class='ocrx_word' id='word_1_2' title='bbox 624 272 736 334; x_wconf 86' lang='lat' dir='ltr'>Iulius</span> <span class='ocrx_word' id='word_1_3' title='bbox 761 273 883 336; x_wconf 86' lang='lat' dir='ltr'>Caesar</span> <span class='ocrx_word' id='word_1_4' title='bbox 1118 288 1158 353; x_wconf 80' lang='lat'>73</span> 
     </span>
    </p>
   </div>
   <div class='ocr_carea' id='block_1_2' title="bbox 205 492 1208 3218">
    <p class='ocr_par' dir='ltr' id='par_1_2' title="bbox 205 492 1206 1094">
     <span class='ocr_line' id='line_1_2' title="bbox 207 492 1159 569; baseline 0.003 -20"><span class='ocrx_word' id='word_1_5' title='bbox 207 492 253 565; x_wconf 89' lang='lat' dir='ltr'>sit,</span> <span class='ocrx_word' id='word_1_6' title='bbox 269 492 419 553; x_wconf 87' lang='lat' dir='ltr'>abscessit.</span> <span class='ocrx_word' id='word_1_7' title='bbox 462 494 528 550; x_wconf 92' lang='lat' dir='ltr'>Nec</span> <span class='ocrx_word' id='word_1_8' title='bbox 548 498 624 551; x_wconf 71' lang='lat' dir='ltr'>vena</span> <span class='ocrx_word' id='word_1_9' title='bbox 645 492 683 551; x_wconf 86' lang='lat' dir='ltr'>de</span> <span class='ocrx_word' id='word_1_10' title='bbox 706 498 737 551; x_wconf 91' lang='lat' dir='ltr'>se</span> <span class='ocrx_word' id='word_1_11' title='bbox 758 494 941 569; x_wconf 68' lang='lat' dir='ltr'>praedicatis&gt;</span> <span class='ocrx_word' id='word_1_12' title='bbox 958 504 1002 553; x_wconf 91' lang='lat' dir='ltr'>est</span> <span class='ocrx_word' id='word_1_13' title='bbox 1016 493 1159 566; x_wconf 82' lang='lat' dir='ltr'>Caesaris,</span> 
     </span>
     <span class='ocr_line' id='line_1_3' title="bbox 207 599 1161 675; baseline 0.002 -19"><span class='ocrx_word' id='word_1_14' title='bbox 207 608 275 656; x_wconf 88' lang='lat' dir='ltr'>ante</span> <span class='ocrx_word' id='word_1_15' title='bbox 296 602 406 657; x_wconf 90' lang='lat' dir='ltr'>victum</span> <span class='ocrx_word' id='word_1_16' title='bbox 427 599 543 657; x_wconf 87' lang='lat' dir='ltr'>hostem</span> <span class='ocrx_word' id='word_1_17' title='bbox 569 616 633 657; x_wconf 91' lang='lat' dir='ltr'>esse</span> <span class='ocrx_word' id='word_1_18' title='bbox 655 617 745 673; x_wconf 88' lang='lat' dir='ltr'>quarn</span> <span class='ocrx_word' id='word_1_19' title='bbox 766 605 869 658; x_wconf 88' lang='lat' dir='ltr'>visum.</span> <span class='ocrx_word' id='word_1_20' title='bbox 911 600 1036 659; x_wconf 79' lang='lat' dir='ltr'>Pontice</span> <span class='ocrx_word' id='word_1_21' title='bbox 1056 604 1161 675; x_wconf 76' lang='lat' dir='ltr'>postea</span> 
     </span>
     <span class='ocr_line' id='line_1_4' title="bbox 206 704 1159 780; baseline 0 -17"><span class='ocrx_word' id='word_1_22' title='bbox 206 705 356 779; x_wconf 81' lang='lat' dir='ltr'>triumphe</span> <span class='ocrx_word' id='word_1_23' title='bbox 391 704 478 762; x_wconf 90' lang='lat' dir='ltr'>trium</span> <span class='ocrx_word' id='word_1_24' title='bbox 513 705 669 764; x_wconf 77' lang='lat' dir='ltr'>verberum</span> <span class='ocrx_word' id='word_1_25' title='bbox 703 706 842 780; x_wconf 89' lang='lat' dir='ltr'>praetulit</span> <span class='ocrx_word' id='word_1_26' title='bbox 876 705 1011 764; x_wconf 89' lang='lat' dir='ltr'>titulum:</span> <span class='ocrx_word' id='word_1_27' title='bbox 1047 707 1159 778; x_wconf 86' lang='lat' dir='ltr'>“Veni,</span> 
     </span>
     <span class='ocr_line' id='line_1_5' title="bbox 206 810 1159 885; baseline 0 -16"><span class='ocrx_word' id='word_1_28' title='bbox 206 811 275 883; x_wconf 86' lang='lat' dir='ltr'>vidi,</span> <span class='ocrx_word' id='word_1_29' title='bbox 303 812 388 868; x_wconf 85' lang='lat' dir='ltr'>vici.”</span> <span class='ocrx_word' id='word_1_30' title='bbox 441 810 560 869; x_wconf 89' lang='lat' dir='ltr'>Deinde</span> <span class='ocrx_word' id='word_1_31' title='bbox 595 811 764 885; x_wconf 83' lang='lat' dir='ltr'>Scipienem</span> <span class='ocrx_word' id='word_1_32' title='bbox 797 820 827 869; x_wconf 95' lang='lat' dir='ltr'>et</span> <span class='ocrx_word' id='word_1_33' title='bbox 860 811 975 884; x_wconf 90' lang='lat' dir='ltr'>Iubam,</span> <span class='ocrx_word' id='word_1_34' title='bbox 1001 811 1159 869; x_wconf 86' lang='lat' dir='ltr'>Numidiae</span> 
     </span>
     <span class='ocr_line' id='line_1_6' title="bbox 206 904 1206 992; baseline 0.002 -18"><span class='ocrx_word' id='word_1_35' title='bbox 206 922 316 992; x_wconf 88' lang='lat' dir='ltr'>regem,</span> <span class='ocrx_word' id='word_1_36' title='bbox 332 916 468 991; x_wconf 72' lang='lat' dir='ltr'>reliquias</span> <span class='ocrx_word' id='word_1_37' title='bbox 492 917 738 991; x_wconf 74' lang='lat' dir='ltr'>Pompeianerum</span> <span class='ocrx_word' id='word_1_38' title='bbox 762 917 890 992; x_wconf 89' lang='lat' dir='ltr'>partium</span> <span class='ocrx_word' id='word_1_39' title='bbox 913 917 943 975; x_wconf 92' lang='lat' dir='ltr'>in</span> <span class='ocrx_word' id='word_1_40' title='bbox 963 904 1063 976; x_wconf 65' lang='lat' dir='ltr'>dirici</span> <span class='ocrx_word' id='word_1_41' title='bbox 1083 918 1159 976; x_wconf 83' lang='lat' dir='ltr'>reso·</span> <span class='ocrx_word' id='word_1_42' title='bbox 1195 944 1206 991; x_wconf 84' lang='lat'>5</span> 
     </span>
     <span class='ocr_line' id='line_1_7' title="bbox 205 1022 449 1094; baseline 0 -13"><span class='ocrx_word' id='word_1_43' title='bbox 205 1028 316 1094; x_wconf 89' lang='lat' dir='ltr'>ventes,</span> <span class='ocrx_word' id='word_1_44' title='bbox 332 1022 449 1081; x_wconf 86' lang='lat' dir='ltr'>devicit.</span> 
     </span>
    </p>

    <p class='ocr_par' dir='ltr' id='par_1_3' title="bbox 205 1113 1208 2794">
     <span class='ocr_line' id='line_1_8' title="bbox 245 1113 1158 1204; baseline 0.002 -19"><span class='ocrx_word' id='word_1_45' title='bbox 245 1130 397 1186; x_wconf 81' lang='lat' dir='ltr'>Victerem</span> <span class='ocrx_word' id='word_1_46' title='bbox 417 1113 549 1186; x_wconf 65' lang='lat' dir='ltr'>elfriceni</span> <span class='ocrx_word' id='word_1_47' title='bbox 569 1128 637 1187; x_wconf 89' lang='lat' dir='ltr'>belli</span> <span class='ocrx_word' id='word_1_48' title='bbox 662 1128 770 1187; x_wconf 73' lang='lat' dir='ltr'>Gaium</span> <span class='ocrx_word' id='word_1_49' title='bbox 792 1128 952 1187; x_wconf 85' lang='lat' dir='ltr'>Caesarem</span> <span class='ocrx_word' id='word_1_50' title='bbox 974 1128 1088 1204; x_wconf 88' lang='lat' dir='ltr'>gravius</span> <span class='ocrx_word' id='word_1_51' title='bbox 1110 1147 1158 1187; x_wconf 88' lang='lat' dir='ltr'>ex-</span> 
     </span>
     <span class='ocr_line' id='line_1_9' title="bbox 206 1233 1158 1310; baseline 0.001 -19"><span class='ocrx_word' id='word_1_52' title='bbox 206 1234 287 1309; x_wconf 90' lang='lat' dir='ltr'>cepit</span> <span class='ocrx_word' id='word_1_53' title='bbox 316 1234 523 1309; x_wconf 77' lang='lat' dir='ltr'>Hispeniense,</span> <span class='ocrx_word' id='word_1_54' title='bbox 548 1234 630 1309; x_wconf 93' lang='lat' dir='ltr'>quod</span> <span class='ocrx_word' id='word_1_55' title='bbox 658 1234 715 1293; x_wconf 91' lang='lat' dir='ltr'>Cn.</span> <span class='ocrx_word' id='word_1_56' title='bbox 744 1233 913 1309; x_wconf 91' lang='lat' dir='ltr'>Pompeius,</span> <span class='ocrx_word' id='word_1_57' title='bbox 941 1235 1044 1310; x_wconf 81' lang='lat' dir='ltr'>Megni</span> <span class='ocrx_word' id='word_1_58' title='bbox 1070 1234 1158 1307; x_wconf 79' lang='lat' dir='ltr'>filius,</span> 
     </span>
     <span class='ocr_line' id='line_1_10' title="bbox 206 1339 1158 1415; baseline 0 -18"><span class='ocrx_word' id='word_1_59' title='bbox 206 1339 379 1398; x_wconf 70' lang='lat' dir='ltr'>adulescens</span> <span class='ocrx_word' id='word_1_60' title='bbox 407 1340 589 1410; x_wconf 66' lang='lat' dir='ltr'>fortissimus</span> <span class='ocrx_word' id='word_1_61' title='bbox 615 1340 719 1415; x_wconf 85' lang='lat' dir='ltr'>ingens</span> <span class='ocrx_word' id='word_1_62' title='bbox 746 1358 782 1397; x_wconf 89' lang='lat' dir='ltr'>ac</span> <span class='ocrx_word' id='word_1_63' title='bbox 813 1339 942 1398; x_wconf 88' lang='lat' dir='ltr'>terribile</span> <span class='ocrx_word' id='word_1_64' title='bbox 970 1340 1158 1413; x_wconf 73' lang='lat' dir='ltr'>cenfleverat,</span> 
     </span>
     <span class='ocr_line' id='line_1_11' title="bbox 206 1444 1208 1522; baseline 0.002 -19"><span class='ocrx_word' id='word_1_65' title='bbox 206 1445 336 1521; x_wconf 87' lang='lat' dir='ltr'>undique</span> <span class='ocrx_word' id='word_1_66' title='bbox 359 1444 397 1503; x_wconf 93' lang='lat' dir='ltr'>ad</span> <span class='ocrx_word' id='word_1_67' title='bbox 419 1464 487 1503; x_wconf 91' lang='lat' dir='ltr'>eum</span> <span class='ocrx_word' id='word_1_68' title='bbox 510 1445 621 1503; x_wconf 85' lang='lat' dir='ltr'>auxiliis</span> <span class='ocrx_word' id='word_1_69' title='bbox 643 1452 757 1522; x_wconf 88' lang='lat' dir='ltr'>paterni</span> <span class='ocrx_word' id='word_1_70' title='bbox 777 1446 906 1503; x_wconf 78' lang='lat' dir='ltr'>neminis</span> <span class='ocrx_word' id='word_1_71' title='bbox 927 1445 1159 1521; x_wconf 71' lang='lat' dir='ltr'>maignitr‘rdinem</span> <span class='ocrx_word' id='word_1_72' title='bbox 1181 1477 1208 1510; x_wconf 84' lang='lat'>10</span> 
     </span>
     <span class='ocr_line' id='line_1_12' title="bbox 206 1552 1158 1625; baseline 0.001 -16"><span class='ocrx_word' id='word_1_73' title='bbox 206 1552 392 1625; x_wconf 91' lang='lat' dir='ltr'>sequentium</span> <span class='ocrx_word' id='word_1_74' title='bbox 414 1570 450 1609; x_wconf 89' lang='lat' dir='ltr'>ex</span> <span class='ocrx_word' id='word_1_75' title='bbox 471 1556 535 1609; x_wconf 80' lang='lat' dir='ltr'>tete</span> <span class='ocrx_word' id='word_1_76' title='bbox 558 1552 631 1610; x_wconf 89' lang='lat' dir='ltr'>orbe</span> <span class='ocrx_word' id='word_1_77' title='bbox 652 1552 876 1611; x_wconf 78' lang='lat' dir='ltr'>cenfluentibus.</span> <span class='ocrx_word' id='word_1_78' title='bbox 920 1553 978 1611; x_wconf 86' lang='lat' dir='ltr'>Sua</span> <span class='ocrx_word' id='word_1_79' title='bbox 999 1553 1158 1612; x_wconf 85' lang='lat' dir='ltr'>Caesarem</span> 
     </span>
     <span class='ocr_line' id='line_1_13' title="bbox 206 1657 1158 1732; baseline 0 -17"><span class='ocrx_word' id='word_1_80' title='bbox 206 1657 237 1714; x_wconf 91' lang='lat' dir='ltr'>in</span> <span class='ocrx_word' id='word_1_81' title='bbox 265 1658 440 1732; x_wconf 70' lang='lat' dir='ltr'>Hispaniam</span> <span class='ocrx_word' id='word_1_82' title='bbox 469 1657 611 1715; x_wconf 70' lang='lat' dir='ltr'>comiteta</span> <span class='ocrx_word' id='word_1_83' title='bbox 638 1658 758 1716; x_wconf 79' lang='lat' dir='ltr'>sortsma</span> <span class='ocrx_word' id='word_1_84' title='bbox 785 1668 849 1731; x_wconf 89' lang='lat' dir='ltr'>est;</span> <span class='ocrx_word' id='word_1_85' title='bbox 879 1657 932 1716; x_wconf 92' lang='lat' dir='ltr'>sed</span> <span class='ocrx_word' id='word_1_86' title='bbox 959 1658 1071 1717; x_wconf 79' lang='lat' dir='ltr'>nr‘rllum</span> <span class='ocrx_word' id='word_1_87' title='bbox 1094 1676 1158 1716; x_wconf 91' lang='lat' dir='ltr'>um-</span> 
     </span>
     <span class='ocr_line' id='line_1_14' title="bbox 206 1763 1157 1840; baseline 0.001 -20"><span class='ocrx_word' id='word_1_88' title='bbox 206 1781 296 1837; x_wconf 85' lang='lat' dir='ltr'>quam</span> <span class='ocrx_word' id='word_1_89' title='bbox 320 1763 448 1821; x_wconf 79' lang='lat' dir='ltr'>atrecius</span> <span class='ocrx_word' id='word_1_90' title='bbox 472 1764 723 1839; x_wconf 81' lang='lat' dir='ltr'>periculesiusque</span> <span class='ocrx_word' id='word_1_91' title='bbox 744 1765 782 1822; x_wconf 89' lang='lat' dir='ltr'>ab</span> <span class='ocrx_word' id='word_1_92' title='bbox 805 1770 842 1823; x_wconf 80' lang='lat' dir='ltr'>ee</span> <span class='ocrx_word' id='word_1_93' title='bbox 862 1764 968 1822; x_wconf 91' lang='lat' dir='ltr'>initum</span> <span class='ocrx_word' id='word_1_94' title='bbox 992 1764 1157 1840; x_wconf 77' lang='lat' dir='ltr'>proelium,</span> 
     </span>
     <span class='ocr_line' id='line_1_15' title="bbox 206 1868 1158 1945; baseline 0.001 -18"><span class='ocrx_word' id='word_1_95' title='bbox 206 1868 284 1927; x_wconf 84' lang='lat' dir='ltr'>adee</span> <span class='ocrx_word' id='word_1_96' title='bbox 311 1878 352 1941; x_wconf 91' lang='lat' dir='ltr'>ut,</span> <span class='ocrx_word' id='word_1_97' title='bbox 381 1869 446 1944; x_wconf 75' lang='lat' dir='ltr'>ples</span> <span class='ocrx_word' id='word_1_98' title='bbox 474 1887 563 1944; x_wconf 91' lang='lat' dir='ltr'>quam</span> <span class='ocrx_word' id='word_1_99' title='bbox 596 1869 688 1929; x_wconf 82' lang='lat' dir='ltr'>dubie</span> <span class='ocrx_word' id='word_1_100' title='bbox 720 1871 826 1943; x_wconf 73' lang='lat' dir='ltr'>Merte,</span> <span class='ocrx_word' id='word_1_101' title='bbox 854 1868 1052 1929; x_wconf 73' lang='lat' dir='ltr'>descenderet</span> <span class='ocrx_word' id='word_1_102' title='bbox 1080 1875 1158 1945; x_wconf 81' lang='lat' dir='ltr'>eque</span> 
     </span>
     <span class='ocr_line' id='line_1_16' title="bbox 206 1975 1205 2056; baseline 0.002 -22"><span class='ocrx_word' id='word_1_103' title='bbox 206 1975 429 2051; x_wconf 81' lang='lat' dir='ltr'>censistensque</span> <span class='ocrx_word' id='word_1_104' title='bbox 447 1984 515 2035; x_wconf 86' lang='lat' dir='ltr'>ante</span> <span class='ocrx_word' id='word_1_105' title='bbox 529 1976 721 2035; x_wconf 76' lang='lat' dir='ltr'>recedentem</span> <span class='ocrx_word' id='word_1_106' title='bbox 744 1982 863 2035; x_wconf 84' lang='lat' dir='ltr'>suerum</span> <span class='ocrx_word' id='word_1_107' title='bbox 882 1976 987 2050; x_wconf 86' lang='lat' dir='ltr'>aciem,</span> <span class='ocrx_word' id='word_1_108' title='bbox 1001 1976 1157 2052; x_wconf 79' lang='lat' dir='ltr'>increpens</span> <span class='ocrx_word' id='word_1_109' title='bbox 1180 2009 1205 2056; x_wconf 83' lang='lat'>15</span> 
     </span>
     <span class='ocr_line' id='line_1_17' title="bbox 208 2082 1157 2158; baseline 0.001 -18"><span class='ocrx_word' id='word_1_110' title='bbox 208 2083 377 2155; x_wconf 74' lang='lat' dir='ltr'>Fortenam,</span> <span class='ocrx_word' id='word_1_111' title='bbox 396 2082 478 2158; x_wconf 90' lang='lat' dir='ltr'>quod</span> <span class='ocrx_word' id='word_1_112' title='bbox 499 2087 531 2141; x_wconf 91' lang='lat' dir='ltr'>se</span> <span class='ocrx_word' id='word_1_113' title='bbox 554 2083 585 2140; x_wconf 91' lang='lat' dir='ltr'>in</span> <span class='ocrx_word' id='word_1_114' title='bbox 606 2101 676 2142; x_wconf 89' lang='lat' dir='ltr'>eum</span> <span class='ocrx_word' id='word_1_115' title='bbox 697 2089 840 2142; x_wconf 76' lang='lat' dir='ltr'>servesset</span> <span class='ocrx_word' id='word_1_116' title='bbox 863 2084 983 2155; x_wconf 85' lang='lat' dir='ltr'>exitum,</span> <span class='ocrx_word' id='word_1_117' title='bbox 1005 2083 1157 2142; x_wconf 77' lang='lat' dir='ltr'>denuntie-</span> 
     </span>
     <span class='ocr_line' id='line_1_18' title="bbox 206 2188 1157 2264; baseline 0.002 -18"><span class='ocrx_word' id='word_1_118' title='bbox 206 2199 252 2246; x_wconf 88' lang='lat' dir='ltr'>ret</span> <span class='ocrx_word' id='word_1_119' title='bbox 271 2189 419 2261; x_wconf 88' lang='lat' dir='ltr'>militibus,</span> <span class='ocrx_word' id='word_1_120' title='bbox 433 2189 557 2264; x_wconf 68' lang='lat' dir='ltr'>vestigia</span> <span class='ocrx_word' id='word_1_121' title='bbox 579 2194 610 2248; x_wconf 92' lang='lat' dir='ltr'>se</span> <span class='ocrx_word' id='word_1_122' title='bbox 631 2195 693 2247; x_wconf 84' lang='lat' dir='ltr'>nen</span> <span class='ocrx_word' id='word_1_123' title='bbox 713 2194 915 2262; x_wconf 74' lang='lat' dir='ltr'>recessr‘rrum5</span> <span class='ocrx_word' id='word_1_124' title='bbox 936 2189 1063 2264; x_wconf 88' lang='lat' dir='ltr'>proinde</span> <span class='ocrx_word' id='word_1_125' title='bbox 1076 2188 1157 2248; x_wconf 87' lang='lat' dir='ltr'>vide·</span> 
     </span>
     <span class='ocr_line' id='line_1_19' title="bbox 206 2295 1156 2370; baseline 0.002 -18"><span class='ocrx_word' id='word_1_126' title='bbox 206 2304 280 2367; x_wconf 90' lang='lat' dir='ltr'>rent,</span> <span class='ocrx_word' id='word_1_127' title='bbox 302 2313 392 2370; x_wconf 93' lang='lat' dir='ltr'>quem</span> <span class='ocrx_word' id='word_1_128' title='bbox 417 2304 447 2353; x_wconf 85' lang='lat' dir='ltr'>et</span> <span class='ocrx_word' id='word_1_129' title='bbox 471 2301 532 2370; x_wconf 80' lang='lat' dir='ltr'>que</span> <span class='ocrx_word' id='word_1_130' title='bbox 556 2295 624 2354; x_wconf 78' lang='lat' dir='ltr'>loce</span> <span class='ocrx_word' id='word_1_131' title='bbox 648 2295 858 2370; x_wconf 74' lang='lat' dir='ltr'>impereterem</span> <span class='ocrx_word' id='word_1_132' title='bbox 882 2295 1027 2354; x_wconf 75' lang='lat' dir='ltr'>deserturi</span> <span class='ocrx_word' id='word_1_133' title='bbox 1050 2304 1156 2354; x_wconf 88' lang='lat' dir='ltr'>essent.</span> 
     </span>
     <span class='ocr_line' id='line_1_20' title="bbox 205 2399 1157 2480; baseline 0 -22"><span class='ocrx_word' id='word_1_134' title='bbox 205 2399 395 2480; x_wconf 75' lang='lat' dir='ltr'>verecundie</span> <span class='ocrx_word' id='word_1_135' title='bbox 428 2402 522 2477; x_wconf 84' lang='lat' dir='ltr'>magis</span> <span class='ocrx_word' id='word_1_136' title='bbox 556 2419 646 2476; x_wconf 88' lang='lat' dir='ltr'>quam</span> <span class='ocrx_word' id='word_1_137' title='bbox 678 2402 785 2460; x_wconf 78' lang='lat' dir='ltr'>virtirte</span> <span class='ocrx_word' id='word_1_138' title='bbox 821 2401 900 2459; x_wconf 89' lang='lat' dir='ltr'>acies</span> <span class='ocrx_word' id='word_1_139' title='bbox 935 2401 1069 2459; x_wconf 79' lang='lat' dir='ltr'>restitrita</span> <span class='ocrx_word' id='word_1_140' title='bbox 1102 2410 1157 2459; x_wconf 90' lang='lat' dir='ltr'>est.</span> 
     </span>
     <span class='ocr_line' id='line_1_21' title="bbox 206 2506 1206 2582; baseline 0.002 -16"><span class='ocrx_word' id='word_1_141' title='bbox 206 2506 262 2566; x_wconf 92' lang='lat' dir='ltr'>Cn.</span> <span class='ocrx_word' id='word_1_142' title='bbox 286 2507 445 2582; x_wconf 90' lang='lat' dir='ltr'>Pompeius</span> <span class='ocrx_word' id='word_1_143' title='bbox 464 2509 559 2566; x_wconf 90' lang='lat' dir='ltr'>victus</span> <span class='ocrx_word' id='word_1_144' title='bbox 583 2517 614 2566; x_wconf 94' lang='lat' dir='ltr'>et</span> <span class='ocrx_word' id='word_1_145' title='bbox 638 2508 833 2582; x_wconf 89' lang='lat' dir='ltr'>interemptus</span> <span class='ocrx_word' id='word_1_146' title='bbox 857 2516 911 2565; x_wconf 91' lang='lat' dir='ltr'>est.</span> <span class='ocrx_word' id='word_1_147' title='bbox 953 2508 1072 2579; x_wconf 90' lang='lat' dir='ltr'>Caesar,</span> <span class='ocrx_word' id='word_1_148' title='bbox 1093 2525 1156 2565; x_wconf 91' lang='lat' dir='ltr'>om·</span> <span class='ocrx_word' id='word_1_149' title='bbox 1177 2537 1206 2570; x_wconf 85' lang='lat'>20</span> 
     </span>
     <span class='ocr_line' id='line_1_22' title="bbox 206 2612 1158 2688; baseline 0.001 -19"><span class='ocrx_word' id='word_1_150' title='bbox 206 2612 289 2670; x_wconf 91' lang='lat' dir='ltr'>nium</span> <span class='ocrx_word' id='word_1_151' title='bbox 314 2622 417 2686; x_wconf 82' lang='lat' dir='ltr'>victor,</span> <span class='ocrx_word' id='word_1_152' title='bbox 443 2631 590 2688; x_wconf 87' lang='lat' dir='ltr'>regressus</span> <span class='ocrx_word' id='word_1_153' title='bbox 618 2613 649 2671; x_wconf 92' lang='lat' dir='ltr'>in</span> <span class='ocrx_word' id='word_1_154' title='bbox 676 2614 782 2673; x_wconf 90' lang='lat' dir='ltr'>urbem</span> <span class='ocrx_word' id='word_1_155' title='bbox 810 2613 955 2685; x_wconf 90' lang='lat' dir='ltr'>omnibus,</span> <span class='ocrx_word' id='word_1_156' title='bbox 977 2619 1028 2688; x_wconf 81' lang='lat' dir='ltr'>qui</span> <span class='ocrx_word' id='word_1_157' title='bbox 1055 2618 1158 2670; x_wconf 76' lang='lat' dir='ltr'>contre</span> 
     </span>
     <span class='ocr_line' id='line_1_23' title="bbox 206 2719 1088 2794; baseline 0.001 -19"><span class='ocrx_word' id='word_1_158' title='bbox 206 2722 238 2776; x_wconf 94' lang='lat' dir='ltr'>se</span> <span class='ocrx_word' id='word_1_159' title='bbox 259 2736 340 2776; x_wconf 87' lang='lat' dir='ltr'>arma</span> <span class='ocrx_word' id='word_1_160' title='bbox 360 2719 496 2791; x_wconf 89' lang='lat' dir='ltr'>tulerant,</span> <span class='ocrx_word' id='word_1_161' title='bbox 510 2719 622 2794; x_wconf 80' lang='lat' dir='ltr'>ignevit</span> <span class='ocrx_word' id='word_1_162' title='bbox 643 2728 673 2777; x_wconf 91' lang='lat' dir='ltr'>et</span> <span class='ocrx_word' id='word_1_163' title='bbox 694 2719 870 2794; x_wconf 84' lang='lat' dir='ltr'>quinquiens</span> <span class='ocrx_word' id='word_1_164' title='bbox 891 2719 1088 2794; x_wconf 74' lang='lat' dir='ltr'>triumphavit.</span> 
     </span>
    </p>

    <p class='ocr_par' dir='ltr' id='par_1_4' title="bbox 205 2823 1204 3218">
     <span class='ocr_line' id='line_1_24' title="bbox 246 2823 1157 2897; baseline 0 -15"><span class='ocrx_word' id='word_1_165' title='bbox 246 2824 333 2882; x_wconf 83' lang='lat' dir='ltr'>Bellis</span> <span class='ocrx_word' id='word_1_166' title='bbox 357 2824 489 2883; x_wconf 85' lang='lat' dir='ltr'>civilibus</span> <span class='ocrx_word' id='word_1_167' title='bbox 513 2824 665 2897; x_wconf 77' lang='lat' dir='ltr'>cenfectis,</span> <span class='ocrx_word' id='word_1_168' title='bbox 681 2830 839 2884; x_wconf 81' lang='lat' dir='ltr'>cenversus</span> <span class='ocrx_word' id='word_1_169' title='bbox 867 2825 927 2882; x_wconf 91' lang='lat' dir='ltr'>iam</span> <span class='ocrx_word' id='word_1_170' title='bbox 954 2825 993 2882; x_wconf 91' lang='lat' dir='ltr'>ad</span> <span class='ocrx_word' id='word_1_171' title='bbox 1020 2823 1157 2883; x_wconf 78' lang='lat' dir='ltr'>erdinan-</span> 
     </span>
     <span class='ocr_line' id='line_1_25' title="bbox 206 2929 1157 3006; baseline -0.002 -16"><span class='ocrx_word' id='word_1_172' title='bbox 206 2929 279 2990; x_wconf 91' lang='lat' dir='ltr'>dum</span> <span class='ocrx_word' id='word_1_173' title='bbox 299 2937 341 2989; x_wconf 88' lang='lat' dir='ltr'>rei</span> <span class='ocrx_word' id='word_1_174' title='bbox 362 2931 498 3006; x_wconf 79' lang='lat' dir='ltr'>publicae</span> <span class='ocrx_word' id='word_1_175' title='bbox 519 2940 637 3002; x_wconf 89' lang='lat' dir='ltr'>statum,</span> <span class='ocrx_word' id='word_1_176' title='bbox 660 2932 755 2990; x_wconf 72' lang='lat' dir='ltr'>festes</span> <span class='ocrx_word' id='word_1_177' title='bbox 779 2932 907 2990; x_wconf 84' lang='lat' dir='ltr'>correxit</span> <span class='ocrx_word' id='word_1_178' title='bbox 927 2949 1095 3006; x_wconf 91' lang='lat' dir='ltr'>annumque</span> <span class='ocrx_word' id='word_1_179' title='bbox 1119 2929 1157 2988; x_wconf 87' lang='lat' dir='ltr'>ad</span> 
     </span>
     <span class='ocr_line' id='line_1_26' title="bbox 205 3035 1204 3113; baseline 0.004 -19"><span class='ocrx_word' id='word_1_180' title='bbox 205 3054 323 3095; x_wconf 89' lang='lat' dir='ltr'>cursum</span> <span class='ocrx_word' id='word_1_181' title='bbox 351 3036 419 3094; x_wconf 81' lang='lat' dir='ltr'>selis</span> <span class='ocrx_word' id='word_1_182' title='bbox 447 3035 694 3109; x_wconf 71' lang='lat' dir='ltr'>accommodevit,</span> <span class='ocrx_word' id='word_1_183' title='bbox 720 3046 752 3095; x_wconf 94' lang='lat' dir='ltr'>ut</span> <span class='ocrx_word' id='word_1_184' title='bbox 780 3043 979 3096; x_wconf 79' lang='lat' dir='ltr'>trecentb&#39;rum</span> <span class='ocrx_word' id='word_1_185' title='bbox 1008 3037 1159 3112; x_wconf 76' lang='lat' dir='ltr'>sexeginte</span> <span class='ocrx_word' id='word_1_186' title='bbox 1178 3066 1204 3113; x_wconf 81' lang='lat'>²5</span> 
     </span>
     <span class='ocr_line' id='line_1_27' title="bbox 205 3141 1158 3218; baseline 0 -18"><span class='ocrx_word' id='word_1_187' title='bbox 205 3149 335 3218; x_wconf 86' lang='lat' dir='ltr'>quinque</span> <span class='ocrx_word' id='word_1_188' title='bbox 370 3141 486 3201; x_wconf 90' lang='lat' dir='ltr'>dierum</span> <span class='ocrx_word' id='word_1_189' title='bbox 521 3152 598 3201; x_wconf 90' lang='lat' dir='ltr'>esset</span> <span class='ocrx_word' id='word_1_190' title='bbox 632 3152 663 3200; x_wconf 89' lang='lat' dir='ltr'>et</span> <span class='ocrx_word' id='word_1_191' title='bbox 698 3143 883 3201; x_wconf 71' lang='lat' dir='ltr'>intercalerie</span> <span class='ocrx_word' id='word_1_192' title='bbox 913 3147 1015 3202; x_wconf 90' lang='lat' dir='ltr'>mense</span> <span class='ocrx_word' id='word_1_193' title='bbox 1044 3143 1158 3201; x_wconf 77' lang='lat' dir='ltr'>sublete</span> 
     </span>
    </p>
   </div>
   <div class='ocr_carea' id='block_1_3' title="bbox 1190 1108 1205 1151">
    <p class='ocr_par' dir='ltr' id='par_1_5' title="bbox 1190 1108 1205 1151">
     <span class='ocr_line' id='line_1_28' title="bbox 1190 1108 1205 1151; baseline 0 0"><span class='ocrx_word' id='word_1_194' title='bbox 1190 1108 1205 1151; x_wconf 73' lang='lat' dir='ltr'>l</span> 
     </span>
    </p>
   </div>
   <div class='ocr_carea' id='block_1_4' title="bbox 205 3337 1160 3545">
    <p class='ocr_par' dir='ltr' id='par_1_6' title="bbox 205 3337 1160 3545">
     <span class='ocr_line' id='line_1_29' title="bbox 207 3337 1080 3396; baseline 0 -13"><span class='ocrx_word' id='word_1_195' title='bbox 207 3351 226 3384; x_wconf 78' lang='lat' dir='ltr'>r,</span> <span class='ocrx_word' id='word_1_196' title='bbox 241 3337 396 3396; x_wconf 69' lang='lat' dir='ltr'>praedicitie,</span> <span class='ocrx_word' id='word_1_197' title='bbox 403 3339 490 3396; x_wconf 76' lang='lat' dir='ltr'>praise,</span> <span class='ocrx_word' id='word_1_198' title='bbox 502 3338 571 3382; x_wconf 85' lang='lat' dir='ltr'>boast.</span> <span class='ocrx_word' id='word_1_199' title='bbox 711 3351 745 3394; x_wconf 86' lang='lat'>17.</span> <span class='ocrx_word' id='word_1_200' title='bbox 761 3339 868 3395; x_wconf 82' lang='lat' dir='ltr'>vestigie,</span> <span class='ocrx_word' id='word_1_201' title='bbox 873 3339 997 3396; x_wconf 78' lang='lat' dir='ltr'>sootprr&#39;nt‚</span> <span class='ocrx_word' id='word_1_202' title='bbox 1007 3339 1080 3384; x_wconf 80' lang='lat' dir='ltr'>track.</span> 
     </span>
     <span class='ocr_line' id='line_1_30' title="bbox 205 3412 1160 3471; baseline 0.001 -15"><span class='ocrx_word' id='word_1_203' title='bbox 205 3427 226 3471; x_wconf 78' lang='lat'>3.</span> <span class='ocrx_word' id='word_1_204' title='bbox 242 3413 343 3466; x_wconf 84' lang='lat' dir='ltr'>titulum,</span> <span class='ocrx_word' id='word_1_205' title='bbox 355 3413 498 3470; x_wconf 77' lang='lat' dir='ltr'>inscription,</span> <span class='ocrx_word' id='word_1_206' title='bbox 509 3413 589 3458; x_wconf 82' lang='lat' dir='ltr'>notice.</span> <span class='ocrx_word' id='word_1_207' title='bbox 709 3413 744 3457; x_wconf 87' lang='lat'>26.</span> <span class='ocrx_word' id='word_1_208' title='bbox 760 3412 908 3456; x_wconf 66' lang='lat' dir='ltr'>intercalaria</span> <span class='ocrx_word' id='word_1_209' title='bbox 920 3413 1009 3467; x_wconf 87' lang='lat' dir='ltr'>mense,</span> <span class='ocrx_word' id='word_1_210' title='bbox 1018 3413 1160 3470; x_wconf 74' lang='lat' dir='ltr'>intercalany</span> 
     </span>
     <span class='ocr_line' id='line_1_31' title="bbox 205 3486 876 3545; baseline 0.001 -14"><span class='ocrx_word' id='word_1_211' title='bbox 205 3499 226 3545; x_wconf 87' lang='lat'>5.</span> <span class='ocrx_word' id='word_1_212' title='bbox 242 3486 381 3542; x_wconf 61' lang='lat' dir='ltr'>refoventem,</span> <span class='ocrx_word' id='word_1_213' title='bbox 389 3488 579 3544; x_wconf 83' lang='lat' dir='ltr'>warmingover,</span> <span class='ocrx_word' id='word_1_214' title='bbox 590 3487 708 3543; x_wconf 77' lang='lat' dir='ltr'>revining.</span> <span class='ocrx_word' id='word_1_215' title='bbox 791 3489 876 3532; x_wconf 80' lang='lat' dir='ltr'>mouth.</span> 
     </span>
    </p>
   </div>
   <div class='ocr_carea' id='block_1_5' title="bbox 0 0 1376 3975">
    <p class='ocr_par' dir='ltr' id='par_1_7' title="bbox 0 0 1376 3975">
     <span class='ocr_line' id='line_1_32' title="bbox 0 0 1376 3975; baseline 0 0"><span class='ocrx_word' id='word_1_216' title='bbox 0 0 1376 3975; x_wconf 95' lang='lat' dir='ltr'> </span> 
     </span>
    </p>
   </div>
  </div>
 </body>
</html>
