<?xml version="1.0" encoding="UTF-8"?>
<!DOCTYPE html PUBLIC "-//W3C//DTD XHTML 1.0 Transitional//EN"
    "http://www.w3.org/TR/xhtml1/DTD/xhtml1-transitional.dtd">
<html xmlns="http://www.w3.org/1999/xhtml" xml:lang="en" lang="en">
 <head>
  <title>
</title>
<meta http-equiv="Content-Type" content="text/html;charset=utf-8" />
  <meta name='ocr-system' content='tesseract 3.04.00' />
  <meta name='ocr-capabilities' content='ocr_page ocr_carea ocr_par ocr_line ocrx_word'/>
</head>
<body>
  <div class='ocr_page' id='page_1' title='image "./selectionsfromv02lhogoog_0124.png"; bbox 0 0 2742 3975; ppageno 0'>
   <div class='ocr_carea' id='block_1_1' title="bbox 224 320 967 403">
    <p class='ocr_par' dir='ltr' id='par_1_1' title="bbox 224 320 967 403">
     <span class='ocr_line' id='line_1_1' title="bbox 224 320 967 403; baseline -0.003 -20"><span class='ocrx_word' id='word_1_1' title='bbox 224 336 266 403; x_wconf 87' lang='lat'>92</span> <span class='ocrx_word' id='word_1_2' title='bbox 437 320 536 386; x_wconf 83' lang='lat' dir='ltr'><em>Urbis</em></span> <span class='ocrx_word' id='word_1_3' title='bbox 558 322 685 385; x_wconf 80' lang='lat' dir='ltr'>Romae</span> <span class='ocrx_word' id='word_1_4' title='bbox 717 321 789 385; x_wconf 82' lang='lat' dir='ltr'>Viri</span> <span class='ocrx_word' id='word_1_5' title='bbox 816 320 967 383; x_wconf 87' lang='lat' dir='ltr'>Illustres</span> 
     </span>
    </p>
   </div>
   <div class='ocr_carea' id='block_1_2' title="bbox 171 542 1177 3417">
    <p class='ocr_par' dir='ltr' id='par_1_2' title="bbox 171 542 1177 3417">
     <span class='ocr_line' id='line_1_2' title="bbox 225 542 1173 619; baseline -0.002 -19"><span class='ocrx_word' id='word_1_6' title='bbox 225 542 369 615; x_wconf 89' lang='lat' dir='ltr'>tallinum,</span> <span class='ocrx_word' id='word_1_7' title='bbox 394 550 457 619; x_wconf 89' lang='lat' dir='ltr'>rapi</span> <span class='ocrx_word' id='word_1_8' title='bbox 483 562 552 601; x_wconf 93' lang='lat' dir='ltr'>eum</span> <span class='ocrx_word' id='word_1_9' title='bbox 580 542 619 602; x_wconf 92' lang='lat' dir='ltr'>ad</span> <span class='ocrx_word' id='word_1_10' title='bbox 647 553 775 601; x_wconf 88' lang='lat' dir='ltr'>mortem</span> <span class='ocrx_word' id='word_1_11' title='bbox 803 542 897 602; x_wconf 79' lang='lat' dir='ltr'>Pollio</span> <span class='ocrx_word' id='word_1_12' title='bbox 925 542 1007 601; x_wconf 92' lang='lat' dir='ltr'>iussit</span> <span class='ocrx_word' id='word_1_13' title='bbox 1035 551 1065 601; x_wconf 89' lang='lat' dir='ltr'>et</span> <span class='ocrx_word' id='word_1_14' title='bbox 1094 543 1173 602; x_wconf 89' lang='lat' dir='ltr'>obici</span> 
     </span>
     <span class='ocr_line' id='line_1_3' title="bbox 224 633 1177 725; baseline -0.001 -19"><span class='ocrx_word' id='word_1_15' title='bbox 224 654 378 722; x_wconf 80' lang='lat' dir='ltr'>minaenis,</span> <span class='ocrx_word' id='word_1_16' title='bbox 410 656 484 724; x_wconf 77' lang='lat' dir='ltr'>quis</span> <span class='ocrx_word' id='word_1_17' title='bbox 513 650 618 725; x_wconf 74' lang='lat' dir='ltr'>ingens</span> <span class='ocrx_word' id='word_1_18' title='bbox 648 650 762 725; x_wconf 87' lang='lat' dir='ltr'>piscina</span> <span class='ocrx_word' id='word_1_19' title='bbox 791 650 972 708; x_wconf 76' lang='lat' dir='ltr'>continebat.</span> <span class='ocrx_word' id='word_1_20' title='bbox 1028 633 1129 706; x_wconf 69' lang='lat' dir='ltr'>Evisit</span> <span class='ocrx_word' id='word_1_21' title='bbox 1160 650 1177 706; x_wconf 74' lang='grc' dir='ltr'><strong>ἓ</strong></span> 
     </span>
     <span class='ocr_line' id='line_1_4' title="bbox 223 754 1177 831; baseline 0.001 -19"><span class='ocrx_word' id='word_1_22' title='bbox 223 755 358 814; x_wconf 90' lang='lat' dir='ltr'>manibus</span> <span class='ocrx_word' id='word_1_23' title='bbox 379 773 453 831; x_wconf 90' lang='lat' dir='ltr'>puer</span> <span class='ocrx_word' id='word_1_24' title='bbox 469 767 500 814; x_wconf 93' lang='lat' dir='ltr'>et</span> <span class='ocrx_word' id='word_1_25' title='bbox 519 754 558 813; x_wconf 91' lang='lat' dir='ltr'>ad</span> <span class='ocrx_word' id='word_1_26' title='bbox 579 755 673 831; x_wconf 71' lang='lat' dir='ltr'>pedis</span> <span class='ocrx_word' id='word_1_27' title='bbox 694 756 828 815; x_wconf 78' lang='lat' dir='ltr'>Caesaris</span> <span class='ocrx_word' id='word_1_28' title='bbox 849 755 985 831; x_wconf 79' lang='lat' dir='ltr'>configit</span> <span class='ocrx_word' id='word_1_29' title='bbox 1004 754 1076 812; x_wconf 92' lang='lat' dir='ltr'>nihil</span> <span class='ocrx_word' id='word_1_30' title='bbox 1098 754 1177 813; x_wconf 89' lang='lat' dir='ltr'>aliud</span> 
     </span>
     <span class='ocr_line' id='line_1_5' title="bbox 222 860 1176 937; baseline 0 -18"><span class='ocrx_word' id='word_1_31' title='bbox 222 866 375 937; x_wconf 83' lang='lat' dir='ltr'>petitirrus,</span> <span class='ocrx_word' id='word_1_32' title='bbox 392 879 481 935; x_wconf 89' lang='lat' dir='ltr'>quam</span> <span class='ocrx_word' id='word_1_33' title='bbox 500 871 533 919; x_wconf 93' lang='lat' dir='ltr'>ut</span> <span class='ocrx_word' id='word_1_34' title='bbox 552 862 635 919; x_wconf 86' lang='lat' dir='ltr'>aliter</span> <span class='ocrx_word' id='word_1_35' title='bbox 653 868 762 937; x_wconf 89' lang='lat' dir='ltr'>periret</span> <span class='ocrx_word' id='word_1_36' title='bbox 778 878 834 919; x_wconf 88' lang='lat' dir='ltr'>nec</span> <span class='ocrx_word' id='word_1_37' title='bbox 852 866 921 919; x_wconf 75' lang='lat' dir='ltr'>esca</span> <span class='ocrx_word' id='word_1_38' title='bbox 938 860 1064 936; x_wconf 82' lang='lat' dir='ltr'>piscium</span> <span class='ocrx_word' id='word_1_39' title='bbox 1084 861 1176 919; x_wconf 89' lang='lat' dir='ltr'>fieret.</span> 
     </span>
     <span class='ocr_line' id='line_1_6' title="bbox 189 964 1177 1043; baseline -0.002 -18"><span class='ocrx_word' id='word_1_40' title='bbox 189 984 200 1032; x_wconf 82' lang='lat'>5</span> <span class='ocrx_word' id='word_1_41' title='bbox 223 968 325 1026; x_wconf 77' lang='lat' dir='ltr'>Motus</span> <span class='ocrx_word' id='word_1_42' title='bbox 345 964 393 1026; x_wconf 81' lang='lat' dir='ltr'>est&#39;</span> <span class='ocrx_word' id='word_1_43' title='bbox 409 972 487 1027; x_wconf 77' lang='lat' dir='ltr'>novo</span> <span class='ocrx_word' id='word_1_44' title='bbox 507 967 688 1026; x_wconf 72' lang='lat' dir='ltr'>crudilititis</span> <span class='ocrx_word' id='word_1_45' title='bbox 710 985 818 1043; x_wconf 88' lang='lat' dir='ltr'>genere</span> <span class='ocrx_word' id='word_1_46' title='bbox 837 968 948 1027; x_wconf 88' lang='lat' dir='ltr'>Caesar</span> <span class='ocrx_word' id='word_1_47' title='bbox 967 976 998 1026; x_wconf 89' lang='lat' dir='ltr'>et</span> <span class='ocrx_word' id='word_1_48' title='bbox 1016 966 1097 1024; x_wconf 92' lang='lat' dir='ltr'>illum</span> <span class='ocrx_word' id='word_1_49' title='bbox 1117 967 1177 1041; x_wconf 92' lang='lat' dir='ltr'>qui·</span> 
     </span>
     <span class='ocr_line' id='line_1_7' title="bbox 223 1072 1177 1149; baseline -0.002 -18"><span class='ocrx_word' id='word_1_50' title='bbox 223 1073 293 1131; x_wconf 91' lang='lat' dir='ltr'>dem</span> <span class='ocrx_word' id='word_1_51' title='bbox 324 1074 407 1146; x_wconf 91' lang='lat' dir='ltr'>mitti,</span> <span class='ocrx_word' id='word_1_52' title='bbox 436 1073 602 1149; x_wconf 87' lang='lat' dir='ltr'>crystallina</span> <span class='ocrx_word' id='word_1_53' title='bbox 630 1083 731 1133; x_wconf 91' lang='lat' dir='ltr'>autem</span> <span class='ocrx_word' id='word_1_54' title='bbox 762 1073 863 1132; x_wconf 88' lang='lat' dir='ltr'>omnia</span> <span class='ocrx_word' id='word_1_55' title='bbox 895 1078 996 1132; x_wconf 76' lang='lat' dir='ltr'>coram</span> <span class='ocrx_word' id='word_1_56' title='bbox 1024 1077 1056 1131; x_wconf 70' lang='lat' dir='ltr'>si</span> <span class='ocrx_word' id='word_1_57' title='bbox 1085 1072 1177 1148; x_wconf 83' lang='lat' dir='ltr'>frangi</span> 
     </span>
     <span class='ocr_line' id='line_1_8' title="bbox 222 1180 703 1255; baseline 0.002 -18"><span class='ocrx_word' id='word_1_58' title='bbox 222 1180 305 1238; x_wconf 89' lang='lat' dir='ltr'>iussit</span> <span class='ocrx_word' id='word_1_59' title='bbox 325 1180 527 1255; x_wconf 74' lang='lat' dir='ltr'>complerique</span> <span class='ocrx_word' id='word_1_60' title='bbox 548 1180 703 1255; x_wconf 83' lang='lat' dir='ltr'><strong>piscinam.</strong></span> 
     </span>
     <span class='ocr_line' id='line_1_9' title="bbox 262 1285 1176 1361; baseline -0.002 -18"><span class='ocrx_word' id='word_1_61' title='bbox 262 1288 409 1361; x_wconf 86' lang='lat' dir='ltr'>Augustus</span> <span class='ocrx_word' id='word_1_62' title='bbox 432 1287 465 1345; x_wconf 91' lang='lat' dir='ltr'>in</span> <span class='ocrx_word' id='word_1_63' title='bbox 489 1286 619 1361; x_wconf 81' lang='lat' dir='ltr'>quidam</span> <span class='ocrx_word' id='word_1_64' title='bbox 640 1287 708 1344; x_wconf 76' lang='lat' dir='ltr'>villi</span> <span class='ocrx_word' id='word_1_65' title='bbox 727 1290 883 1361; x_wconf 78' lang='lat' dir='ltr'>aegrotins</span> <span class='ocrx_word' id='word_1_66' title='bbox 903 1288 1007 1344; x_wconf 78' lang='lat' dir='ltr'>noctes</span> <span class='ocrx_word' id='word_1_67' title='bbox 1032 1285 1176 1360; x_wconf 67' lang='lat' dir='ltr'>inquietis</span> 
     </span>
     <span class='ocr_line' id='line_1_10' title="bbox 222 1392 1175 1467; baseline -0.003 -18"><span class='ocrx_word' id='word_1_68' title='bbox 222 1392 337 1467; x_wconf 72' lang='lat' dir='ltr'>agibat,</span> <span class='ocrx_word' id='word_1_69' title='bbox 362 1402 519 1467; x_wconf 88' lang='lat' dir='ltr'>rumpente</span> <span class='ocrx_word' id='word_1_70' title='bbox 543 1410 681 1451; x_wconf 92' lang='lat' dir='ltr'>somnum</span> <span class='ocrx_word' id='word_1_71' title='bbox 707 1392 770 1451; x_wconf 73' lang='lat' dir='ltr'>eius</span> <span class='ocrx_word' id='word_1_72' title='bbox 795 1392 899 1450; x_wconf 71' lang='lat' dir='ltr'>cribro</span> <span class='ocrx_word' id='word_1_73' title='bbox 925 1400 1051 1450; x_wconf 85' lang='lat' dir='ltr'>noctuae</span> <span class='ocrx_word' id='word_1_74' title='bbox 1077 1396 1175 1450; x_wconf 78' lang='lat' dir='ltr'>cantii.</span> 
     </span>
     <span class='ocr_line' id='line_1_11' title="bbox 175 1498 1175 1572; baseline 0 -17"><span class='ocrx_word' id='word_1_75' title='bbox 175 1514 202 1545; x_wconf 73' lang='grc' dir='ltr'>ιο</span> <span class='ocrx_word' id='word_1_76' title='bbox 222 1498 291 1572; x_wconf 79' lang='lat' dir='ltr'>Qui</span> <span class='ocrx_word' id='word_1_77' title='bbox 317 1499 453 1557; x_wconf 78' lang='lat' dir='ltr'>molestii</span> <span class='ocrx_word' id='word_1_78' title='bbox 475 1516 544 1557; x_wconf 91' lang='lat' dir='ltr'>cum</span> <span class='ocrx_word' id='word_1_79' title='bbox 571 1498 687 1558; x_wconf 87' lang='lat' dir='ltr'>liberairi</span> <span class='ocrx_word' id='word_1_80' title='bbox 711 1502 743 1556; x_wconf 75' lang='lat' dir='ltr'>se</span> <span class='ocrx_word' id='word_1_81' title='bbox 770 1498 962 1555; x_wconf 87' lang='lat' dir='ltr'>vehementer</span> <span class='ocrx_word' id='word_1_82' title='bbox 983 1514 1092 1572; x_wconf 88' lang='lat' dir='ltr'>cupere</span> <span class='ocrx_word' id='word_1_83' title='bbox 1120 1502 1175 1572; x_wconf 88' lang='lat' dir='ltr'>sig-</span> 
     </span>
     <span class='ocr_line' id='line_1_12' title="bbox 221 1604 1175 1679; baseline -0.001 -17"><span class='ocrx_word' id='word_1_84' title='bbox 221 1604 378 1677; x_wconf 70' lang='lat' dir='ltr'>nificisset,</span> <span class='ocrx_word' id='word_1_85' title='bbox 402 1605 485 1663; x_wconf 89' lang='lat' dir='ltr'>miles</span> <span class='ocrx_word' id='word_1_86' title='bbox 509 1604 641 1679; x_wconf 88' lang='lat' dir='ltr'>quidam,</span> <span class='ocrx_word' id='word_1_87' title='bbox 663 1604 783 1679; x_wconf 86' lang='lat' dir='ltr'>aucupii</span> <span class='ocrx_word' id='word_1_88' title='bbox 806 1610 926 1679; x_wconf 75' lang='lat' dir='ltr'>pentus,</span> <span class='ocrx_word' id='word_1_89' title='bbox 947 1612 1088 1662; x_wconf 82' lang='lat' dir='ltr'>noctuam</span> <span class='ocrx_word' id='word_1_90' title='bbox 1109 1620 1175 1679; x_wconf 90' lang='lat' dir='ltr'>pre-</span> 
     </span>
     <span class='ocr_line' id='line_1_13' title="bbox 221 1709 1176 1785; baseline 0 -18"><span class='ocrx_word' id='word_1_91' title='bbox 221 1709 413 1769; x_wconf 90' lang='lat' dir='ltr'>hendendam</span> <span class='ocrx_word' id='word_1_92' title='bbox 451 1711 571 1783; x_wconf 75' lang='lat' dir='ltr'>ciira‘urit¹</span> <span class='ocrx_word' id='word_1_93' title='bbox 610 1716 768 1785; x_wconf 81' lang='lat' dir='ltr'>vivamque</span> <span class='ocrx_word' id='word_1_94' title='bbox 806 1712 939 1785; x_wconf 76' lang='lat' dir='ltr'>Augusto</span> <span class='ocrx_word' id='word_1_95' title='bbox 979 1710 1084 1781; x_wconf 90' lang='lat' dir='ltr'>attulit,</span> <span class='ocrx_word' id='word_1_96' title='bbox 1123 1714 1176 1784; x_wconf 74' lang='lat' dir='ltr'>spi</span> 
     </span>
     <span class='ocr_line' id='line_1_14' title="bbox 221 1816 1176 1891; baseline 0.001 -18"><span class='ocrx_word' id='word_1_97' title='bbox 221 1816 347 1891; x_wconf 88' lang='lat' dir='ltr'>ingentis</span> <span class='ocrx_word' id='word_1_98' title='bbox 375 1817 507 1891; x_wconf 89' lang='lat' dir='ltr'>praemii.</span> <span class='ocrx_word' id='word_1_99' title='bbox 563 1816 619 1875; x_wconf 94' lang='lat' dir='ltr'>Cui</span> <span class='ocrx_word' id='word_1_100' title='bbox 651 1834 720 1873; x_wconf 94' lang='lat' dir='ltr'>cum</span> <span class='ocrx_word' id='word_1_101' title='bbox 751 1818 899 1891; x_wconf 83' lang='lat' dir='ltr'>Augustus</span> <span class='ocrx_word' id='word_1_102' title='bbox 930 1816 1008 1874; x_wconf 83' lang='lat' dir='ltr'>mssle</span> <span class='ocrx_word' id='word_1_103' title='bbox 1039 1819 1176 1874; x_wconf 79' lang='lat' dir='ltr'>nummos</span> 
     </span>
     <span class='ocr_line' id='line_1_15' title="bbox 221 1920 1176 1998; baseline 0 -19"><span class='ocrx_word' id='word_1_104' title='bbox 221 1921 286 1979; x_wconf 89' lang='lat' dir='ltr'>dari</span> <span class='ocrx_word' id='word_1_105' title='bbox 309 1920 448 1996; x_wconf 88' lang='lat' dir='ltr'>iussisset,</span> <span class='ocrx_word' id='word_1_106' title='bbox 473 1922 523 1980; x_wconf 91' lang='lat' dir='ltr'>ille</span> <span class='ocrx_word' id='word_1_107' title='bbox 548 1922 644 1980; x_wconf 89' lang='lat' dir='ltr'>minus</span> <span class='ocrx_word' id='word_1_108' title='bbox 671 1922 794 1998; x_wconf 89' lang='lat' dir='ltr'>dignum</span> <span class='ocrx_word' id='word_1_109' title='bbox 819 1922 983 1997; x_wconf 89' lang='lat' dir='ltr'>praemium</span> <span class='ocrx_word' id='word_1_110' title='bbox 1008 1922 1176 1980; x_wconf 77' lang='lat' dir='ltr'>existimins</span> 
     </span>
     <span class='ocr_line' id='line_1_16' title="bbox 174 2028 1176 2102; baseline 0.002 -18"><span class='ocrx_word' id='word_1_111' title='bbox 174 2052 199 2100; x_wconf 75' lang='grc' dir='ltr'>ις</span> <span class='ocrx_word' id='word_1_112' title='bbox 221 2029 321 2088; x_wconf 86' lang='lat' dir='ltr'>dicere</span> <span class='ocrx_word' id='word_1_113' title='bbox 354 2047 441 2088; x_wconf 91' lang='lat' dir='ltr'>ausus</span> <span class='ocrx_word' id='word_1_114' title='bbox 469 2038 523 2102; x_wconf 88' lang='lat' dir='ltr'>est,</span> <span class='ocrx_word' id='word_1_115' title='bbox 557 2028 665 2087; x_wconf 73' lang='lat' dir='ltr'>“Milo</span> <span class='ocrx_word' id='word_1_116' title='bbox 694 2038 726 2087; x_wconf 93' lang='lat' dir='ltr'>ut</span> <span class='ocrx_word' id='word_1_117' title='bbox 753 2030 859 2100; x_wconf 87' lang='lat' dir='ltr'>vivat,”</span> <span class='ocrx_word' id='word_1_118' title='bbox 886 2038 916 2087; x_wconf 94' lang='lat' dir='ltr'>et</span> <span class='ocrx_word' id='word_1_119' title='bbox 944 2046 1029 2087; x_wconf 89' lang='lat' dir='ltr'>avem</span> <span class='ocrx_word' id='word_1_120' title='bbox 1056 2028 1176 2088; x_wconf 85' lang='lat' dir='ltr'>dimisit.</span> 
     </span>
     <span class='ocr_line' id='line_1_17' title="bbox 221 2133 1175 2210; baseline 0.001 -19"><span class='ocrx_word' id='word_1_121' title='bbox 221 2135 398 2210; x_wconf 74' lang='lat' dir='ltr'>Imperitori</span> <span class='ocrx_word' id='word_1_122' title='bbox 425 2152 481 2193; x_wconf 91' lang='lat' dir='ltr'>nec</span> <span class='ocrx_word' id='word_1_123' title='bbox 509 2134 549 2192; x_wconf 92' lang='lat' dir='ltr'>ad</span> <span class='ocrx_word' id='word_1_124' title='bbox 580 2134 769 2194; x_wconf 75' lang='lat' dir='ltr'>iriscendum</span> <span class='ocrx_word' id='word_1_125' title='bbox 801 2152 890 2192; x_wconf 86' lang='lat' dir='ltr'>causa</span> <span class='ocrx_word' id='word_1_126' title='bbox 920 2133 1023 2193; x_wconf 87' lang='lat' dir='ltr'>deerat</span> <span class='ocrx_word' id='word_1_127' title='bbox 1052 2152 1108 2193; x_wconf 89' lang='lat' dir='ltr'>nec</span> <span class='ocrx_word' id='word_1_128' title='bbox 1137 2134 1175 2192; x_wconf 86' lang='lat' dir='ltr'>ad</span> 
     </span>
     <span class='ocr_line' id='line_1_18' title="bbox 220 2239 1175 2316; baseline 0 -18"><span class='ocrx_word' id='word_1_129' title='bbox 220 2240 423 2299; x_wconf 88' lang='lat' dir='ltr'>ulciscendum</span> <span class='ocrx_word' id='word_1_130' title='bbox 457 2247 608 2316; x_wconf 80' lang='lat' dir='ltr'>potestis3</span> <span class='ocrx_word' id='word_1_131' title='bbox 650 2241 728 2298; x_wconf 84' lang='lat' dir='ltr'>hanc</span> <span class='ocrx_word' id='word_1_132' title='bbox 767 2249 867 2298; x_wconf 86' lang='lat' dir='ltr'>tamen</span> <span class='ocrx_word' id='word_1_133' title='bbox 905 2239 1041 2298; x_wconf 78' lang='lat' dir='ltr'>iniririam</span> <span class='ocrx_word' id='word_1_134' title='bbox 1080 2245 1175 2315; x_wconf 74' lang='lat' dir='ltr'>aequo</span> 
     </span>
     <span class='ocr_line' id='line_1_19' title="bbox 221 2345 1175 2422; baseline 0.002 -19"><span class='ocrx_word' id='word_1_135' title='bbox 221 2347 322 2405; x_wconf 81' lang='lat' dir='ltr'>animo</span> <span class='ocrx_word' id='word_1_136' title='bbox 356 2347 422 2405; x_wconf 93' lang='lat' dir='ltr'>tulit</span> <span class='ocrx_word' id='word_1_137' title='bbox 455 2349 603 2422; x_wconf 86' lang='lat' dir='ltr'>Augustus</span> <span class='ocrx_word' id='word_1_138' title='bbox 637 2345 850 2420; x_wconf 88' lang='lat' dir='ltr'>hominemque</span> <span class='ocrx_word' id='word_1_139' title='bbox 884 2345 1061 2421; x_wconf 79' lang='lat' dir='ltr'>impfinitum</span> <span class='ocrx_word' id='word_1_140' title='bbox 1095 2346 1175 2406; x_wconf 88' lang='lat' dir='ltr'>abire</span> 
     </span>
     <span class='ocr_line' id='line_1_20' title="bbox 221 2432 489 2528; baseline 0 -18"><span class='ocrx_word' id='word_1_141' title='bbox 221 2471 325 2528; x_wconf 88' lang='lat' dir='ltr'>passus</span> <span class='ocrx_word' id='word_1_142' title='bbox 346 2463 399 2511; x_wconf 90' lang='lat' dir='ltr'>est.</span> <span class='ocrx_word' id='word_1_143' title='bbox 486 2432 489 2437; x_wconf 34' lang='lat'>¹</span> 
     </span>
     <span class='ocr_line' id='line_1_21' title="bbox 172 2556 1174 2634; baseline -0.001 -18"><span class='ocrx_word' id='word_1_144' title='bbox 172 2578 200 2609; x_wconf 86' lang='lat'>20</span> <span class='ocrx_word' id='word_1_145' title='bbox 262 2561 409 2634; x_wconf 87' lang='lat' dir='ltr'>Augustus</span> <span class='ocrx_word' id='word_1_146' title='bbox 436 2559 579 2617; x_wconf 78' lang='lat' dir='ltr'>amicitiis</span> <span class='ocrx_word' id='word_1_147' title='bbox 606 2576 705 2633; x_wconf 89' lang='lat' dir='ltr'>neque</span> <span class='ocrx_word' id='word_1_148' title='bbox 730 2557 815 2616; x_wconf 85' lang='lat' dir='ltr'>facile</span> <span class='ocrx_word' id='word_1_149' title='bbox 840 2556 959 2616; x_wconf 88' lang='lat' dir='ltr'>admisit</span> <span class='ocrx_word' id='word_1_150' title='bbox 985 2567 1014 2615; x_wconf 93' lang='lat' dir='ltr'>et</span> <span class='ocrx_word' id='word_1_151' title='bbox 1038 2563 1174 2617; x_wconf 78' lang='lat' dir='ltr'>constan-</span> 
     </span>
     <span class='ocr_line' id='line_1_22' title="bbox 221 2663 1173 2740; baseline 0 -18"><span class='ocrx_word' id='word_1_152' title='bbox 221 2665 333 2723; x_wconf 74' lang='lat' dir='ltr'>tissime</span> <span class='ocrx_word' id='word_1_153' title='bbox 354 2665 483 2723; x_wconf 89' lang='lat' dir='ltr'>retinuit.</span> <span class='ocrx_word' id='word_1_154' title='bbox 525 2666 674 2740; x_wconf 90' lang='lat' dir='ltr'>Imprimis</span> <span class='ocrx_word' id='word_1_155' title='bbox 696 2663 871 2722; x_wconf 76' lang='lat' dir='ltr'>familiarem</span> <span class='ocrx_word' id='word_1_156' title='bbox 892 2663 994 2722; x_wconf 93' lang='lat' dir='ltr'>habuit</span> <span class='ocrx_word' id='word_1_157' title='bbox 1015 2664 1173 2722; x_wconf 62' lang='lat' dir='ltr'>Maecena</span> 
     </span>
     <span class='ocr_line' id='line_1_23' title="bbox 221 2768 1174 2845; baseline -0.002 -17"><span class='ocrx_word' id='word_1_158' title='bbox 221 2780 292 2841; x_wconf 80' lang='lat' dir='ltr'>tem,</span> <span class='ocrx_word' id='word_1_159' title='bbox 314 2771 445 2845; x_wconf 90' lang='lat' dir='ltr'>equitem</span> <span class='ocrx_word' id='word_1_160' title='bbox 466 2772 651 2842; x_wconf 77' lang='lat' dir='ltr'>Rominum3</span> <span class='ocrx_word' id='word_1_161' title='bbox 687 2775 738 2844; x_wconf 93' lang='lat' dir='ltr'>qui</span> <span class='ocrx_word' id='word_1_162' title='bbox 759 2774 802 2840; x_wconf 86' lang='lat' dir='ltr'>eai,</span> <span class='ocrx_word' id='word_1_163' title='bbox 825 2774 884 2844; x_wconf 81' lang='lat' dir='ltr'>quai</span> <span class='ocrx_word' id='word_1_164' title='bbox 904 2768 984 2844; x_wconf 88' lang='lat' dir='ltr'>apud</span> <span class='ocrx_word' id='word_1_165' title='bbox 1009 2770 1174 2844; x_wconf 88' lang='lat' dir='ltr'>principem</span> 
     </span>
     <span class='ocr_line' id='line_1_24' title="bbox 220 2873 1174 2955; baseline -0.001 -21"><span class='ocrx_word' id='word_1_166' title='bbox 220 2876 346 2948; x_wconf 75' lang='lat' dir='ltr'>valebat,</span> <span class='ocrx_word' id='word_1_167' title='bbox 367 2877 460 2952; x_wconf 77' lang='lat' dir='ltr'>gritii</span> <span class='ocrx_word' id='word_1_168' title='bbox 479 2876 522 2934; x_wconf 89' lang='lat' dir='ltr'>ita</span> <span class='ocrx_word' id='word_1_169' title='bbox 542 2879 750 2955; x_wconf 62' lang='lat' dir='ltr'>semperisus</span> <span class='ocrx_word' id='word_1_170' title='bbox 771 2883 824 2945; x_wconf 91' lang='lat' dir='ltr'>est,</span> <span class='ocrx_word' id='word_1_171' title='bbox 845 2885 878 2932; x_wconf 94' lang='lat' dir='ltr'>ut</span> <span class='ocrx_word' id='word_1_172' title='bbox 901 2873 1058 2949; x_wconf 81' lang='lat' dir='ltr'>prodesset</span> <span class='ocrx_word' id='word_1_173' title='bbox 1081 2875 1174 2933; x_wconf 91' lang='lat' dir='ltr'>omni·</span> 
     </span>
     <span class='ocr_line' id='line_1_25' title="bbox 220 2980 1173 3058; baseline -0.001 -18"><span class='ocrx_word' id='word_1_174' title='bbox 220 2982 285 3055; x_wconf 83' lang='lat' dir='ltr'>bus,</span> <span class='ocrx_word' id='word_1_175' title='bbox 306 2982 412 3057; x_wconf 90' lang='lat' dir='ltr'>quibus</span> <span class='ocrx_word' id='word_1_176' title='bbox 433 2993 544 3058; x_wconf 89' lang='lat' dir='ltr'>posset,</span> <span class='ocrx_word' id='word_1_177' title='bbox 566 2986 688 3041; x_wconf 70' lang='lat' dir='ltr'>noceret</span> <span class='ocrx_word' id='word_1_178' title='bbox 710 2980 830 3038; x_wconf 73' lang='lat' dir='ltr'>nemini.</span> <span class='ocrx_word' id='word_1_179' title='bbox 879 2981 929 3039; x_wconf 77' lang='lat' dir='ltr'>Itis</span> <span class='ocrx_word' id='word_1_180' title='bbox 950 2980 1109 3056; x_wconf 78' lang='lat' dir='ltr'>aliquandi)</span> <span class='ocrx_word' id='word_1_181' title='bbox 1130 2980 1173 3039; x_wconf 91' lang='lat' dir='ltr'>di-</span> 
     </span>
     <span class='ocr_line' id='line_1_26' title="bbox 171 3084 1173 3164; baseline 0 -19"><span class='ocrx_word' id='word_1_182' title='bbox 171 3113 198 3161; x_wconf 81' lang='lat'>²5</span> <span class='ocrx_word' id='word_1_183' title='bbox 220 3089 308 3146; x_wconf 71' lang='lat' dir='ltr'>cibat</span> <span class='ocrx_word' id='word_1_184' title='bbox 328 3091 478 3164; x_wconf 88' lang='lat' dir='ltr'>Augustus</span> <span class='ocrx_word' id='word_1_185' title='bbox 499 3098 530 3148; x_wconf 92' lang='lat' dir='ltr'>et</span> <span class='ocrx_word' id='word_1_186' title='bbox 550 3089 658 3146; x_wconf 78' lang='lat' dir='ltr'>multos</span> <span class='ocrx_word' id='word_1_187' title='bbox 679 3087 778 3162; x_wconf 88' lang='lat' dir='ltr'>capite</span> <span class='ocrx_word' id='word_1_188' title='bbox 800 3084 990 3145; x_wconf 76' lang='lat' dir='ltr'>damnitirus</span> <span class='ocrx_word' id='word_1_189' title='bbox 1009 3087 1173 3146; x_wconf 71' lang='lat' dir='ltr'>videbitur.</span> 
     </span>
     <span class='ocr_line' id='line_1_27' title="bbox 220 3193 1174 3269; baseline -0.002 -17"><span class='ocrx_word' id='word_1_190' title='bbox 220 3195 332 3253; x_wconf 89' lang='lat' dir='ltr'>Aderat</span> <span class='ocrx_word' id='word_1_191' title='bbox 352 3204 416 3253; x_wconf 93' lang='lat' dir='ltr'>tum</span> <span class='ocrx_word' id='word_1_192' title='bbox 438 3197 607 3267; x_wconf 67' lang='lat' dir='ltr'>Maecinis,</span> <span class='ocrx_word' id='word_1_193' title='bbox 630 3200 680 3269; x_wconf 93' lang='lat' dir='ltr'>qui</span> <span class='ocrx_word' id='word_1_194' title='bbox 705 3210 759 3268; x_wconf 89' lang='lat' dir='ltr'>per</span> <span class='ocrx_word' id='word_1_195' title='bbox 779 3193 1032 3252; x_wconf 88' lang='lat' dir='ltr'>circumstantium</span> <span class='ocrx_word' id='word_1_196' title='bbox 1057 3194 1174 3253; x_wconf 89' lang='lat' dir='ltr'>turbam</span> 
     </span>
     <span class='ocr_line' id='line_1_28' title="bbox 220 3355 1158 3417; baseline -0.002 -13"><span class='ocrx_word' id='word_1_197' title='bbox 220 3373 241 3404; x_wconf 70' lang='lat' dir='ltr'>a</span> <span class='ocrx_word' id='word_1_198' title='bbox 257 3361 384 3413; x_wconf 69' lang='lat' dir='ltr'>miraeum,</span> <span class='ocrx_word' id='word_1_199' title='bbox 395 3374 411 3403; x_wconf 89' lang='lat' dir='ltr'>a</span> <span class='ocrx_word' id='word_1_200' title='bbox 420 3359 481 3403; x_wconf 85' lang='lat' dir='ltr'>kind</span> <span class='ocrx_word' id='word_1_201' title='bbox 489 3358 622 3417; x_wconf 76' lang='lat' dir='ltr'>ossea-fislt.</span> <span class='ocrx_word' id='word_1_202' title='bbox 723 3368 757 3401; x_wconf 88' lang='lat'>11.</span> <span class='ocrx_word' id='word_1_203' title='bbox 772 3356 877 3412; x_wconf 85' lang='lat' dir='ltr'>aucupii,</span> <span class='ocrx_word' id='word_1_204' title='bbox 888 3355 950 3400; x_wconf 81' lang='lat' dir='ltr'>from</span> <span class='ocrx_word' id='word_1_205' title='bbox 961 3356 1011 3401; x_wconf 84' lang='lat' dir='ltr'>avis</span> <span class='ocrx_word' id='word_1_206' title='bbox 1021 3358 1070 3402; x_wconf 88' lang='lat' dir='ltr'>and</span> <span class='ocrx_word' id='word_1_207' title='bbox 1081 3357 1158 3414; x_wconf 74' lang='lat' dir='ltr'>capio.</span> 
     </span>
    </p>
   </div>
   <div class='ocr_carea' id='block_1_3' title="bbox 220 3431 1173 3564">
    <p class='ocr_par' dir='ltr' id='par_1_3' title="bbox 220 3431 1173 3564">
     <span class='ocr_line' id='line_1_29' title="bbox 220 3431 1173 3488; baseline 0.002 -14"><span class='ocrx_word' id='word_1_208' title='bbox 220 3444 242 3486; x_wconf 90' lang='lat'>4.</span> <span class='ocrx_word' id='word_1_209' title='bbox 257 3431 320 3484; x_wconf 68' lang='lat' dir='ltr'>isca,</span> <span class='ocrx_word' id='word_1_210' title='bbox 330 3431 396 3488; x_wconf 78' lang='lat' dir='ltr'>frod,</span> <span class='ocrx_word' id='word_1_211' title='bbox 723 3442 756 3488; x_wconf 79' lang='lat'>13.</span> <span class='ocrx_word' id='word_1_212' title='bbox 767 3431 831 3474; x_wconf 90' lang='lat' dir='ltr'>mille</span> <span class='ocrx_word' id='word_1_213' title='bbox 842 3431 962 3486; x_wconf 78' lang='lat' dir='ltr'>nummos,</span> <span class='ocrx_word' id='word_1_214' title='bbox 976 3446 991 3475; x_wconf 88' lang='lat' dir='ltr'>a</span> <span class='ocrx_word' id='word_1_215' title='bbox 1005 3433 1122 3477; x_wconf 77' lang='lat' dir='ltr'>thousand</span> <span class='ocrx_word' id='word_1_216' title='bbox 1129 3445 1173 3476; x_wconf 81' lang='lat' dir='ltr'>ses·</span> 
     </span>
     <span class='ocr_line' id='line_1_30' title="bbox 220 3504 1052 3564; baseline 0.005 -15"><span class='ocrx_word' id='word_1_217' title='bbox 220 3518 242 3561; x_wconf 69' lang='lat' dir='ltr'>o</span> <span class='ocrx_word' id='word_1_218' title='bbox 257 3510 367 3558; x_wconf 75' lang='lat' dir='ltr'>noctuae,</span> <span class='ocrx_word' id='word_1_219' title='bbox 377 3505 429 3550; x_wconf 82' lang='lat' dir='ltr'>owl.</span> <span class='ocrx_word' id='word_1_220' title='bbox 802 3509 875 3549; x_wconf 77' lang='lat' dir='ltr'>terres</span> <span class='ocrx_word' id='word_1_221' title='bbox 888 3504 975 3563; x_wconf 82' lang='lat' dir='ltr'>(about</span> <span class='ocrx_word' id='word_1_222' title='bbox 985 3505 1052 3564; x_wconf 66' lang='lat'>341).</span> 
     </span>
    </p>
   </div>
   <div class='ocr_carea' id='block_1_4' title="bbox 0 0 1376 3975">
    <p class='ocr_par' dir='ltr' id='par_1_4' title="bbox 0 0 1376 3975">
     <span class='ocr_line' id='line_1_31' title="bbox 0 0 1376 3975; baseline 0 1"><span class='ocrx_word' id='word_1_223' title='bbox 0 0 1376 3975; x_wconf 95' lang='lat' dir='ltr'> </span> 
     </span>
    </p>
   </div>
  </div>
 </body>
</html>
