2742 3975
247 312 265 357 2
370 338 371 341 =
470 294 566 359 Urbis
587 295 713 358 Romae
737 295 810 359 Viri
830 295 981 359 Illustres

245 534 322 592 quae
340 522 441 574 motet.
483 515 626 574 Romulus
647 516 748 573 statim
768 521 885 574 armatis
907 517 1072 591 pistoribus
1091 519 1196 577 Albam

246 621 422 698 properovit.
603 614 608 624 “

287 728 405 787 Interea
419 728 547 786 Remum
561 727 690 785 latronos
703 725 742 784 ad
761 726 910 785 Amulium
929 732 1029 804 regem
1052 729 1196 804 perduxe-

245 844 321 906 runt,
343 852 411 893 eum
439 837 620 904 accosantos,
641 832 725 907 quasi
753 833 918 891 Numitoris
946 838 1031 909 agros
1059 835 1195 893 infestore

211 961 222 1009 5
245 941 346 1000 solitus
361 950 456 1012 esset;
478 939 577 1013 itaque
592 940 705 999 Remus
726 943 744 995 'a'
764 943 833 1014 roge
855 939 1005 997 Numitori
1025 939 1063 997 ad
1085 941 1195 1016 suppli-

245 1048 324 1105 cium
344 1046 465 1104 troditus
485 1054 528 1103 est
539 1066 547 1117 3
569 1054 600 1101 at
614 1062 684 1101 cum
706 1044 853 1117 Numitor,
867 1044 1064 1104 adulescentis
1085 1048 1195 1104 vultum

245 1153 443 1223 considerons,
459 1157 586 1209 aetotem
604 1150 783 1224 minimoque
805 1151 940 1209 servilem
961 1151 1093 1210 indolem
1115 1171 1195 1211 com-

244 1265 369 1335 paroret,
397 1257 476 1316 haud
503 1256 607 1332 procul
635 1266 697 1314 erat
737 1264 808 1331 quin
840 1256 998 1332 nepotem
1012 1264 1194 1334 agnosceret.

198 1498 224 1529 10
244 1489 302 1546 que
323 1470 514 1545 expositionis
536 1470 720 1544 temporibus
744 1469 934 1544 congruebat.
978 1472 1022 1527 Ea
1050 1476 1096 1529 ros
1123 1471 1195 1530 dum

246 1576 407 1635 Numitoris
429 1576 559 1634 animum
581 1576 699 1633 onxium
723 1585 813 1646 tenet,
834 1586 957 1651 repente
980 1578 1124 1636 Romulus
1148 1597 1194 1637 su·

244 1684 385 1758 pervenit,
401 1682 518 1741 frotrem
533 1682 645 1753 liberat,
662 1682 841 1755 interompto
856 1683 974 1742 Amolio
989 1702 1076 1742 avum
1092 1686 1194 1743 Numi·

244 1794 338 1847 torem
353 1790 383 1847 in
398 1794 519 1865 rognum
534 1788 668 1847 restituit.

285 1895 402 1954 Deinde
417 1896 561 1954 Romulus
575 1906 605 1953 et
620 1897 733 1954 Remus
754 1896 859 1954 urbem
873 1897 903 1955 in
919 1896 1031 1956 eisdem
1049 1898 1130 1971 lociS,
1145 1898 1196 1959 ubi

197 2023 221 2070 ¹5
244 2003 369 2076 expositi
395 2003 504 2078 ubique
533 2001 650 2062 educoti
682 2013 774 2075 erant,
803 2003 1019 2079 condidorunt3
1049 2004 1102 2064 scd
1131 2012 1197 2065 orta

243 2108 319 2166 inter
351 2115 402 2168 eos
434 2109 635 2180 contentione,
663 2119 729 2167 uter
755 2115 866 2169 nomen
897 2129 992 2169 novae
1019 2112 1086 2170 urbi
1112 2113 1196 2171 daret

244 2233 369 2290 eamque
390 2216 515 2290 imperio
536 2224 658 2291 regeret,
677 2217 808 2291 auspicia
828 2215 1023 2276 docrovorunt
1043 2217 1194 2277 adhibere.

244 2322 356 2379 Remus
383 2321 465 2396 prior
491 2339 543 2379 sex
567 2321 705 2393 vultures,
731 2322 875 2380 Romulus
903 2329 1008 2398 posteo
1034 2323 1195 2382 duodecim

243 2426 324 2486 vidit.
376 2427 423 2486 Sic
458 2427 611 2500 Romulus,
639 2430 735 2486 victor
770 2429 900 2503 augurio,
928 2429 1031 2489 urbem
1066 2432 1195 2489 Romam

195 2561 223 2592 20
243 2533 368 2591 voca'vit.
412 2532 530 2590 Deinde
547 2552 642 2592 novae
661 2534 728 2592 urbi
748 2538 845 2592 moros
863 2533 1068 2594 circumdedit.
1112 2537 1195 2610 Quos

237 2638 366 2699 inridens
381 2657 449 2696 cum
471 2640 583 2697 Remus
605 2640 679 2698 salto
701 2639 870 2711 troiocisset,
886 2659 954 2698 eum
974 2647 1063 2699 irotus
1082 2643 1193 2699 Romu-

243 2744 287 2802 lus
301 2744 448 2802 interfecit
462 2745 506 2802 his
519 2745 675 2819 increpons
694 2746 807 2804 verbis:
832 2750 850 2777 “
859 2747 907 2805 Sic
926 2745 1046 2817 deinde,
1062 2753 1193 2821 quicum-

243 2868 301 2924 que
326 2850 398 2908 alius
422 2851 563 2908 tronsiliet
590 2851 709 2909 moenia
737 2852 852 2909 meal”
906 2852 953 2908 na
979 2851 1057 2909 solus
1085 2858 1194 2926 potitus

244 2965 288 3013 est
309 2955 435 3030 imperio
456 2955 609 3014 Romulus

331 3141 376 3196 11.
403 3141 589 3206 Romultm
608 3143 857 3198 Romanorum
874 3145 938 3198 rou
951 3146 1105 3220 promae.

628 3274 742 3324 rsa-71⁵
759 3273 807 3312 ac.

195 3409 220 3454 ²5
284 3377 427 3436 Romulus
440 3379 600 3454 imaginem
619 3379 698 3437 urbis
720 3379 812 3454 magis
833 3397 922 3454 quam
938 3381 1043 3438 urbem
1063 3380 1175 3439 locarat
1186 3401 1193 3451 ;

242 3482 356 3540 incolae
377 3483 510 3542 deerant.
553 3485 624 3542 Erat
645 3485 676 3541 in
698 3485 832 3559 proximo
853 3485 954 3557 locus3
984 3484 1061 3542 hunc
1083 3486 1194 3559 asylum
