2742 3975
503 310 608 375 Gaius
630 310 800 373 Fabricius
1085 325 1122 371 21

173 536 212 593 cii
226 544 316 609 caput
330 533 457 592 demisit.
500 531 558 591 Sed
576 534 624 589 ille
641 531 814 590 subridins:
838 532 974 605 “Neque
996 532 1059 590 heri
1080 538 1128 591 mi

173 659 275 699 aurum
291 650 373 697 tuum
389 639 517 720 pellexit,
532 656 630 713 neque
645 638 735 696 hodie
751 637 955 712 perterrefecit
971 638 1085 695 bilua.’'

215 746 341 804 Fabricii
355 744 514 802 admiritus
528 744 665 802 virtitem
687 743 812 817 Pyrrhus
830 744 911 800 illurn
927 748 1042 802 sicrito
1057 744 1127 802 invi-

174 853 255 925 tivit,
269 861 302 909 ut
316 851 440 927 patriam
455 849 605 909 desereret
624 855 786 925 sicamque
802 850 890 906 vellet
904 855 1010 921 vivere,
1025 856 1128 924 quirti

174 959 263 1016 etiam
278 963 361 1033 rigni
375 964 418 1015 sui
431 967 515 1033 parte
531 957 648 1028 obliti;
670 958 717 1013 cui
737 955 885 1014 Fabricius
900 956 941 1013 ita
955 956 1125 1031 respondit:
1163 972 1173 1021 5

174 1066 231 1123 “Si
252 1069 301 1123 mi
322 1065 417 1122 virum
438 1064 549 1122 bonum
571 1062 691 1133 indicia,
712 1067 764 1119 cur
785 1066 834 1120 mi
854 1068 896 1120 vis
917 1065 1129 1138 corrumpere?

174 1178 217 1229 sin
231 1176 301 1229 v'e'rb
316 1171 436 1241 malum,
451 1176 503 1228 eiu
517 1174 566 1227 mi
580 1170 694 1227 ambis?
704 1170 721 1195 ’'
763 1171 850 1227 Anno
867 1170 1031 1241 interiecto,
1048 1175 1128 1228 omni

174 1283 227 1352 spi
242 1278 323 1353 picis
337 1278 413 1335 inter
429 1277 570 1352 Pyrrhum
586 1286 615 1333 et
630 1278 782 1334 Rominos
796 1274 1000 1333 conciliandae
1022 1275 1126 1348 abliti,

176 1384 326 1442 Fabricius
340 1384 443 1442 consul
458 1385 550 1441 sactus
565 1389 680 1448 contri,
689 1401 758 1440 eum
776 1385 880 1440 missus
894 1392 947 1440 est.
989 1382 1126 1457 Cumque

174 1495 268 1547 vicina
288 1500 384 1548 castra
405 1490 468 1565 ipse
490 1499 520 1547 et
541 1494 592 1548 rix
612 1490 765 1561 haberent,
783 1489 917 1547 medicus
939 1489 1015 1564 rigis
1037 1498 1127 1546 nocte
1150 1511 1176 1542 ιο

174 1596 213 1654 ad
228 1597 395 1655 Fabricium
410 1596 490 1655 vinit
505 1603 590 1671 eique
605 1596 753 1671 pollicitus
774 1606 827 1667 est,
842 1602 866 1653 si
887 1595 1050 1670 praemium
1072 1594 1127 1653 sibi

173 1702 384 1777 proposuisset,
399 1707 431 1760 si
446 1702 588 1777 Pyrrhum
602 1707 718 1760 veneno
735 1706 916 1759 necitirum.
960 1703 1050 1758 Hunc
1072 1702 1096 1758 F
1097 1714 1126 1758 a·

174 1808 281 1866 bricius
295 1809 426 1866 vinctum
441 1809 543 1867 redimi
557 1809 638 1866 iussit
653 1808 692 1866 ad
707 1807 859 1866 dominum
883 1817 913 1865 et
934 1807 1044 1883 Pyrrho
1059 1807 1126 1879 dici,

174 1931 250 1989 quae
265 1919 369 1972 contri
382 1924 472 1990 caput
487 1914 549 1972 iius
564 1913 698 1971 medicus
713 1912 930 1989 spopondisset.
972 1914 1057 1970 Tunc
1076 1917 1128 1970 rix

175 2020 332 2079 admiritus
358 2040 426 2079 eum
451 2020 558 2079 dixisse
583 2021 691 2078 sertur:
723 2021 805 2077 “Ille
831 2030 875 2077 est
897 2020 1056 2091 Fabricius,
1078 2025 1128 2094 qui
1150 2042 1174 2089 ¹5

175 2125 321 2184 difficilius
348 2127 388 2185 ab
414 2126 571 2185 honestite
599 2144 688 2200 quam
717 2126 761 2184 sol
788 2131 806 2183 i
833 2130 886 2183 suo
915 2130 1001 2183 cursii
1029 2135 1128 2200 potest

173 2233 292 2289 iverti.'’

216 2337 366 2396 Fabricius
381 2355 449 2396 cum
463 2337 543 2412 apud
559 2337 701 2412 Pyrrhum
722 2340 822 2412 rigem
844 2336 955 2412 ligitus
976 2345 1062 2407 esset,
1078 2336 1126 2395 Cr·

174 2459 261 2499 neam
282 2443 392 2501 audivit
412 2449 578 2501 nirrantem
600 2461 664 2501 esse
690 2442 839 2516 quendam
865 2442 997 2514 Athenis,
1018 2448 1069 2515 qui
1095 2445 1127 2499 si

174 2548 339 2623 sapientem
354 2549 547 2623 profitiritur,
563 2566 690 2623 eumque
706 2547 815 2618 dicere,
830 2547 930 2606 omnia
951 2565 1026 2622 quae
1048 2547 1125 2604 face·
1147 2569 1176 2600 ιο

174 2658 281 2726 rimus,
299 2655 337 2713 ad
357 2655 538 2729 voluptitem
561 2672 625 2712 esse
647 2654 810 2712 referenda.
852 2654 937 2710 Tunc
959 2653 1127 2712 Fabricium

173 2760 354 2818 exclaimisse
367 2761 482 2818 semnt:
505 2760 656 2818 “Utinam
675 2759 707 2817 id
727 2759 860 2818 hostibus
881 2765 986 2817 nostris
1007 2765 1124 2834 persui-

173 2865 285 2937 deitur,
310 2871 370 2941 quo
398 2866 510 2923 facilius
538 2866 614 2923 vinci
639 2866 761 2941 possint,
783 2884 852 2923 cum
874 2870 906 2923 si
927 2866 1126 2940 voluptitibus

174 2970 311 3029 dederint
325 2975 330 3030 l
342 2972 358 2998 ’¹
401 2971 491 3029 Nihil.
504 2972 595 3047 magis
615 2972 653 3030 ab
668 2973 730 3030 iius
744 2978 803 3030 viti
817 2972 944 3030 aliinum
959 2983 1022 3030 erat
1036 2990 1124 3046 quam

173 3077 307 3152 voluptas
322 3087 352 3135 et
366 3077 458 3136 hirrus.
480 3079 570 3142 ,Tota
585 3079 646 3136 iius
661 3078 793 3152 supellex
807 3088 945 3153 argentea
960 3079 1050 3136 salino
1065 3083 1125 3136 imi
1145 3097 1172 3144 ις

172 3183 327 3242 constibat
344 3192 374 3241 et
388 3184 496 3258 patelli
510 3183 547 3241 ad
563 3188 647 3242 risum
669 3188 828 3255 sacrorum,
843 3202 919 3258 quae
940 3189 1051 3243 corneo
1072 3203 1124 3260 pe·

172 3289 271 3347 diculo
286 3289 492 3347 sustinibaitur.
527 3290 662 3349 Cinibat
673 3289 712 3346 ad
724 3289 823 3346 socum
838 3290 951 3347 ridicis
965 3300 995 3347 et
1009 3290 1124 3362 herbis,

173 3411 240 3450 cum
262 3395 350 3470 ligati
371 3395 543 3453 Samnitium
564 3395 603 3452 ad
625 3415 693 3452 eum
710 3378 858 3453 'venierunt
878 3401 1075 3470 mignamque
1098 3401 1126 3453 ei

173 3500 330 3562 pecaniam
351 3501 539 3573 obtulirunt5
561 3502 667 3576 quibus
682 3507 724 3558 sic
737 3500 909 3575 respondit:
933 3502 1059 3576 “Quam
1074 3501 1125 3559 diii
