2742 3975
527 273 639 337 Ancus
661 275 811 337 Marcius
1122 291 1146 355 9

234 497 332 554 Roma
359 495 476 555 interim
504 498 596 555 crevit
629 497 722 556 Albae
757 504 846 555 ruinis
857 518 866 570 3
902 497 1067 572 dupiieitus
1102 507 1147 555 est

192 602 300 659 civium
314 619 472 675 numerus3
494 609 580 662 mons
595 603 715 662 Caelius
734 604 800 662 urbi
813 602 993 676 additus·et,
1008 608 1068 678 quo
1090 604 1145 661 sre-

192 708 330 782 quentius
358 708 546 782 habitaretur,
575 727 641 767 eam
670 710 773 769 sidem
799 710 902 767 Tullus
935 710 1032 785 regiae
1066 709 1147 784 cepit

193 813 292 888 ibique
307 812 417 873 deinde
431 814 582 874 habitavit.
624 817 786 873 Auctirum
800 815 905 873 virium
920 815 1034 873 fidicii
1054 816 1146 873 etitus

193 920 302 979 bellum
325 922 438 979 Sabinis
464 921 579 979 indixit.
622 922 793 980 Pestilentia
819 926 952 979 insecitta
975 932 1019 979 est
1029 942 1038 995 3
1068 921 1147 979 milla
1182 934 1193 982 5

193 1036 293 1084 tamen
321 1027 359 1085 ab
387 1034 473 1085 armis
501 1027 584 1102 quies
612 1026 747 1087 dabitur.
804 1027 953 1086 Credebat
984 1027 1064 1085 enim
1094 1031 1147 1085 rex

193 1132 349 1191 bellicosus
370 1133 530 1192 salibriora
551 1133 671 1192 militiae
694 1151 784 1207 quam
809 1132 892 1191 domi
919 1151 983 1191 esse
1007 1132 1146 1191 iuvenum

192 1255 327 1313 corpora,
342 1238 395 1297 sed
411 1239 473 1313 ipse
487 1256 607 1314 quoque
625 1239 764 1297 diiiturno
784 1238 891 1297 morbo
913 1248 957 1296 est
977 1238 1145 1313 implicitus.

194 1344 278 1400 Tunc
299 1348 368 1402 vero
389 1344 466 1402 adeo
490 1344 574 1402 fricti
595 1345 681 1403 simul
704 1362 773 1402 cum
795 1362 920 1420 corpore
942 1353 1010 1403 sunt
1031 1345 1147 1420 spiritt'rs

194 1448 234 1506 illi
261 1449 385 1522 feroces,
413 1459 445 1507 ut
472 1449 544 1507 milli
572 1457 615 1508 rei
655 1451 780 1527 posthic
818 1449 874 1508 nisi
905 1456 994 1509 sacris
1025 1468 1147 1525 operam
1169 1471 1196 1504 ro

194 1554 286 1613 daret.
342 1557 512 1613 Memorant
543 1556 662 1614 Tullum
690 1556 811 1614 fulmine
839 1556 930 1614 ictum
958 1574 1026 1614 cum
1054 1556 1147 1615 domo

193 1660 398 1736 conflagrasse.
439 1662 540 1720 Tullus
563 1667 670 1737 migni
693 1662 786 1737 gloriis
809 1662 879 1721 belli
902 1662 1033 1737 regnivit
1053 1667 1147 1721 annos

193 1765 269 1825 duos
290 1777 321 1825 et
342 1767 469 1843 triginti.
673 1768 676 1775 '

218 2006 261 2062 V.
284 2007 405 2062 Ancus
424 2007 596 2072 Marcius,
611 2007 859 2062 Romanorum
875 2011 940 2061 rico
957 2009 1119 2074 quartus.

578 2155 694 2213 641-616
709 2163 757 2201 isc.

231 2292 318 2350 Tullo
334 2297 451 2352 mortuo
465 2295 581 2352 Ancum
596 2293 742 2352 Mircium
757 2298 859 2370 regem
876 2293 1003 2369 populus
1024 2293 1143 2352 creivit.

194 2399 311 2456 Numae
326 2398 463 2474 Pompilii
477 2404 571 2475 nepos
587 2401 688 2458 Ancus
710 2400 839 2457 Mircius
860 2409 931 2470 erat,
947 2400 1095 2474 aequitite
1117 2409 1146 2458 et
1169 2428 1193 2476 ις

192 2503 332 2579 religione
358 2509 413 2562 avii
438 2505 547 2564 similis.
588 2506 674 2563 Tunc
699 2505 805 2577 Latini,
829 2523 898 2562 cum
926 2505 1031 2579 quibus
1058 2505 1146 2563 Tullo

192 2614 333 2686 regnante
348 2610 439 2669 ictum
455 2609 560 2669 foedus
577 2619 647 2682 erat,
663 2611 838 2669 sustulerant
859 2600 983 2683 animos,
998 2620 1029 2669 et
1049 2611 1145 2669 incur·

192 2716 306 2775 sionem
321 2701 352 2772 io
366 2734 468 2791 agrum
482 2717 651 2774 Rominum
666 2716 810 2775 iecerunt.
851 2719 960 2788 Ancus,
975 2717 1146 2792 priusquam

192 2828 234 2880 eis
261 2822 373 2880 bellum
399 2821 552 2893 indiceret,
575 2822 705 2897 legitum
733 2822 821 2893 misit,
842 2828 894 2896 qui
916 2826 963 2880 tes
987 2831 1144 2898 repeteret,

192 2945 319 3002 eumque
335 2932 449 2985 morem
464 2933 575 3002 posteri
587 2931 776 3002 accipimnt.
815 2927 852 2985 Id
866 2938 966 2986 autem
980 2927 1038 2986 hoc
1053 2929 1145 2987 modo
1165 2957 1194 2989 ιο

191 3031 293 3092 tiebat.
336 3033 472 3109 Legitus,
487 3033 538 3092 ubi
552 3032 591 3095 ad
606 3033 683 3091 fines
705 3038 808 3092 eorum
827 3034 951 3107 νωμᾶ
970 3035 1077 3109 quibus
1098 3038 1145 3092 r'es

191 3149 373 3214 repetuntur,
388 3139 486 3214 capite
500 3139 606 3213 viiito,
638 3137 752 3212 “Audi,
768 3140 930 3215 Iuppiter,’'
945 3140 1049 3221 inquit,
1065 3144 1083 3172 “
1094 3158 1144 3198 au-

191 3244 263 3317 dite,
292 3246 369 3304 fines
396 3245 481 3304 hirius
509 3245 621 3320 populi.
676 3246 743 3320 Ego
770 3263 837 3303 sum
864 3245 999 3321 pirblicus
1027 3247 1144 3305 mintius

191 3351 295 3426 populi
309 3353 456 3424 Romini3
476 3351 572 3409 verbis
590 3357 663 3409 meis
688 3349 761 3409 fides
782 3351 849 3409 sit.'’
891 3351 1010 3410 Deinde
1031 3352 1145 3428 peragit

191 3458 348 3532 postulita.
389 3458 419 3517 Si
439 3461 500 3514 non
520 3456 669 3515 deduntur
690 3462 745 3528 res,
766 3462 839 3532 quis
863 3458 1008 3532 exposcit,
1030 3458 1144 3517 hastam
1165 3483 1191 3532 ²5
