2742 3975
413 283 535 349 Caesar
557 285 759 349 Octavianus
782 287 955 370 Augustus
1121 290 1161 367 87

211 506 310 564 culum
326 505 365 564 ad
385 507 523 565 lectulum
543 508 657 583 recepit
675 517 706 566 et
724 516 757 565 ut
776 507 930 566 dominum
947 509 1044 567 occidi
1061 526 1162 584 passus
1229 576 1234 585 ¹

210 621 264 670 est.
300 613 439 686 “Quanti
452 613 506 669 viri
520 615 594 684 est,”
606 612 691 671 addit
705 614 827 686 Seneca,
840 618 933 671 “curn
947 616 1080 690 praemia
1093 619 1160 689 pro-

209 716 330 776 ditionis
359 718 488 793 ingentia
516 718 718 791 ostendantur,
744 719 908 795 praemium
937 718 1007 779 fidei
1035 730 1162 779 mortem

210 831 419 899 concupiscere
434 826 467 882 !’'

250 930 428 991 Octriviinus
443 930 553 989 deinde
573 932 615 987 M.
631 933 762 1003 Bnitum,
778 931 998 990 interfectorem
1018 933 1159 1004 Caesaris
1183 946 1193 994 5

209 1037 287 1096 bello
308 1042 480 1113 persecutus
501 1036 532 1095 id
557 1037 677 1108 bellum,
699 1055 879 1111 quamquam
905 1037 1048 1096 invalidus
1072 1048 1160 1113 atque

208 1162 305 1219 aeger,
327 1144 438 1220 duplici
463 1144 577 1219 proelii>
601 1143 761 1218 transegit,
790 1149 915 1218 quorum
940 1144 1037 1219 priore
1060 1151 1160 1203 castris

209 1255 312 1308 existas
325 1251 374 1308 vix
393 1250 462 1325 iuga
478 1250 579 1307 evasit.
620 1250 723 1307 Victor
743 1250 931 1307 acerbissime
950 1254 981 1308 se
1000 1250 1108 1325 gessit,
1130 1251 1161 1308 in

208 1356 422 1415 nobilissimum
437 1374 585 1432 quemque
601 1362 750 1430 captivum
765 1360 826 1413 non
840 1356 903 1413 sine
918 1357 1074 1414 verborum
1089 1374 1159 1414 con-

208 1463 329 1521 tumelia
356 1462 466 1521 saeviit.
514 1448 575 1522 Uni
609 1462 780 1538 suppliciter
814 1461 993 1537 sepulturam
1028 1469 1161 1537 precanti
1182 1484 1209 1515 10

208 1567 396 1643 respondisse
411 1569 526 1640 dicitur,
538 1569 597 1626 iarn
612 1569 698 1627 istam
713 1568 744 1626 in
758 1569 910 1627 volucrum
925 1569 987 1627 sore
1002 1573 1158 1643 potestate.

208 1675 297 1748 Alios,
319 1685 434 1750 patrem
455 1684 486 1733 et
507 1675 610 1748 silium,
632 1680 686 1749 prii
708 1680 767 1733 vita
786 1678 931 1750 rogantes
954 1681 1049 1733 sortiri
1070 1675 1160 1732 fertur

207 1781 333 1853 iussisse,
354 1791 387 1839 ut
408 1782 538 1839 alterutri
563 1781 786 1852 concederetur,
808 1800 844 1839 ac
876 1799 944 1838 cum
975 1791 1068 1856 patre,
1090 1781 1159 1856 quia

207 1892 239 1946 se
260 1888 414 1960 obtulerat,
435 1892 534 1946 occiso
555 1888 633 1946 filius
652 1906 771 1962 quoque
791 1888 953 1946 voluntaria
971 1886 1159 1945 occubuisset

207 2012 291 2066 nece,
306 2000 454 2070 spectisse
468 2004 624 2069 utrumque
646 1995 832 2053 morientem.
875 1980 967 2054 (irase
982 1994 1098 2052 veniam
1112 1994 1158 2052 vel
1181 2019 1205 2068 15

207 2105 346 2159 excissate
361 2104 393 2158 se
412 2100 586 2159 conantibus
606 2105 753 2158 univoce
773 2101 955 2172 occurrebat,
972 2099 1157 2158 moriendum

206 2225 280 2265 esse.
323 2207 458 2266 Scribunt
484 2205 615 2281 quidam,
639 2212 789 2265 trecentos
815 2225 852 2264 ex
876 2205 1023 2266 dediticiis
1048 2207 1158 2265 electos

206 2312 340 2371 adaram
357 2312 425 2371 divo
443 2313 519 2371 Iirlid
541 2317 719 2371 exstructam
738 2299 842 2370 idibus
863 2312 975 2370 Martiis
997 2312 1158 2371 hostiarum

206 2424 288 2478 mdre
308 2423 459 2477 mactatos.

245 2525 435 2583 Abalienatus
454 2530 558 2600 postea
577 2534 621 2583 est
642 2524 680 2583 ab
701 2525 841 2597 Antonii),
856 2524 938 2599 quod
960 2525 983 2583 is
1005 2525 1158 2601 repudiata
1178 2549 1206 2581 20

205 2631 330 2691 Octavia
357 2636 457 2689 sorore
482 2631 683 2705 Cleopatram,
708 2633 835 2707 Aegypti
863 2635 1001 2706 reginam,
1028 2631 1158 2690 duxisset

204 2743 347 2810 uxorem,
369 2755 445 2812 quae
460 2736 582 2810 quidem
600 2736 705 2794 mulier
718 2755 786 2794 cunr
801 2737 931 2795 Antonio
948 2738 1017 2795 lrixir
1035 2748 1065 2794 et
1084 2737 1156 2796 deli-

204 2844 256 2902 ciis
270 2843 412 2902 certabat.
454 2827 523 2902 Una
537 2847 569 2900 se
580 2847 654 2900 cena
665 2843 797 2901 centiens
810 2843 975 2901 sestertium
986 2843 1155 2918 absirmptri-

204 2967 266 3007 ram
287 2947 447 3024 aliquando
469 2949 591 3006 dixerat.
635 2949 783 3023 Cupicbat
801 2948 916 3032 discere
933 2949 1087 3020 Antonius,
1103 2949 1156 3007 sed

203 3056 267 3114 lieri
285 3073 374 3130 posse
396 3060 457 3113 non
478 3054 680 3113 arbitrabatur.
724 3056 845 3112 Posteri)
867 3055 953 3129 igitur
974 3053 1023 3112 die
1044 3055 1155 3130 magni·
1177 3086 1203 3134 ²5

202 3162 291 3220 ficam
316 3161 387 3219 aliis
412 3165 527 3231 cenam,
553 3158 607 3218 sed
631 3159 824 3218 cottidianam
849 3159 983 3219 Antonii)
1009 3161 1155 3236 apposuit,

204 3341 223 3375 1.
238 3328 359 3380 lectulum,
370 3328 447 3379 conch,
457 3327 506 3371 bed.
725 3337 759 3382 19.
775 3326 897 3380 mactatos,
908 3327 1063 3384 slaugletered.

202 3418 223 3460 4.
239 3404 417 3459 concupiscere,
428 3400 491 3445 inch.
503 3400 530 3444 ol
538 3400 618 3456 cupid.
724 3413 758 3457 23.
774 3400 879 3444 cenricus
895 3401 1037 3453 sestertium,
1050 3406 1087 3444 ten
1102 3401 1156 3444 mil-

204 3491 237 3534 17.
253 3476 370 3522 dediticiis
375 3475 470 3535 (dedo),
472 3476 593 3532 prisoners
599 3473 629 3531 os
631 3488 688 3516 war·
753 3475 801 3517 lion
812 3479 918 3519 sesterces
930 3475 1015 3531 (about
1025 3475 1155 3532 3410900).
