2742 3975
273 299 314 364 70
492 285 588 347 Urbis
610 286 737 348 Romae
760 285 833 348 Viri
853 286 1005 347 Illustres

310 506 422 564 Censul
448 505 559 564 deinde
587 513 702 565 creatus
729 526 798 565 cum
831 508 875 565 M.
906 507 1021 577 Bibulo,
1048 507 1222 566 societatem

269 630 337 669 cum
366 613 471 671 Gnaee
499 614 643 699 Pompeii}
668 623 699 671 et
724 615 827 672 Marce
851 614 959 673 Crasse
983 613 1078 671 iunxit
1102 614 1222 685 Caesar,

269 722 307 775 ne
331 718 404 792 quid
428 722 562 793 ageretur
585 719 615 776 in
639 724 671 777 re
692 719 820 795 publice,
841 718 924 794 quod
948 718 1146 794 displicuisset
1172 719 1224 777 ulti

269 842 306 881 ex
320 823 420 882 tribus.
463 823 581 882 Deinde
602 824 698 899 legem
719 825 794 897 tulit,
808 835 841 882 ut
861 843 931 900 ager
951 826 1122 900 Campenus
1143 825 1224 899 plebi

235 950 246 997 ς
269 928 456 988 divideretur.
498 930 554 988 Cui
577 931 634 1006 legi
656 949 724 988 cum
749 936 867 989 seuerus
889 936 1076 1005 repugneret,
1096 950 1158 988 rem
1182 931 1222 989 ad

269 1036 411 1110 populum
435 1034 549 1093 detulit.
592 1035 713 1095 Bibulus
737 1037 863 1112 conlega
886 1037 918 1094 in
942 1038 1052 1095 Forum
1074 1037 1164 1107 venit,
1189 1048 1222 1093 ut

269 1141 329 1216 legi
346 1140 510 1212 obsisteret,
526 1140 579 1199 sed
604 1151 686 1201 tanta
710 1142 742 1199 in
765 1161 833 1201 eum
858 1148 1011 1200 commeta
1034 1152 1080 1200 est
1104 1141 1221 1213 seditie,

268 1257 300 1304 ut
325 1247 356 1304 in
379 1256 469 1321 caput
492 1248 554 1305 eius
580 1248 727 1322 cophinus
748 1258 878 1307 stercore
899 1248 1004 1322 plenus
1025 1248 1222 1306 effunderetur

269 1354 421 1427 fascesque
450 1358 478 1411 ei
505 1353 708 1428 frangerentur
734 1366 823 1428 atque
850 1353 928 1411 adee
955 1354 1019 1428 ipse
1045 1354 1222 1411 armisFore

222 1488 247 1518 ιο
269 1458 471 1533 expelleretur.
514 1458 581 1532 Que
605 1464 636 1517 re
661 1478 730 1517 cum
755 1460 877 1518 Bibulus
901 1477 955 1534 per
980 1459 1125 1535 reliquum
1153 1466 1223 1517 anni

268 1576 386 1640 tempus
406 1564 499 1623 dome
520 1564 638 1623 abditus
656 1566 739 1624 curii
751 1566 921 1637 abstineret,
934 1570 1010 1624 sinus
1031 1584 1068 1624 ex
1088 1570 1126 1623 ee
1146 1575 1221 1623 tem-

268 1689 341 1747 pore
361 1671 472 1729 Caesar
492 1671 592 1728 omnia
613 1671 643 1728 in
667 1676 700 1729 re
721 1671 840 1745 publice
857 1672 897 1729 ad
915 1671 1067 1729 arbitrium
1083 1669 1223 1727 adminis-

269 1779 371 1847 trebat,
400 1787 432 1833 ut
460 1777 590 1833 nennt'rlll
621 1777 854 1847 urbinommsr
881 1776 954 1851 quid
978 1775 1107 1834 testandi
1130 1776 1224 1850 gretie

268 1890 423 1959 signerent,
438 1901 493 1957 per
512 1883 611 1940 iocum
632 1888 703 1953 nen,
722 1892 754 1940 ut
775 1887 840 1940 mes
861 1893 934 1954 erat,
954 1881 1124 1940 censulibus
1146 1882 1222 1940 Cae·

221 2015 246 2063 ις
268 2009 331 2050 sare
357 2001 387 2050 et
411 1989 517 2048 Bibule
540 1995 639 2047 ectum
664 1990 834 2060 scriberent,
853 1989 908 2047 sed
933 1989 1009 2047 Iulie
1031 1998 1061 2046 et
1084 1989 1222 2059 Caesare,

267 2103 358 2156 finum
382 2096 535 2155 censulem
556 2094 677 2154 nemine
698 2105 729 2152 et
750 2095 928 2170 coguemiue
952 2099 1007 2170 pre
1031 2093 1148 2152 duebus
1169 2111 1222 2168 ap

267 2204 421 2280 pellantes.

309 2310 439 2368 Functus
467 2307 620 2365 censuletsr
645 2307 756 2366 Caesar
779 2305 905 2365 Galliam
928 2305 1112 2380 previuciam
1135 2308 1223 2362 acce-

268 2414 322 2489 pit.
364 2414 463 2472 Gessit
483 2422 584 2470 autem
605 2430 713 2470 novem
734 2417 827 2482 anuis,
842 2412 948 2485 quibus
965 2411 996 2468 in
1015 2411 1141 2485 imperie
1159 2410 1224 2480 fuit,

219 2545 248 2576 ιο
268 2520 343 2578 haec
358 2519 437 2577 lere:
460 2517 587 2577 Galliam
606 2518 636 2574 in
654 2517 823 2592 pretineiae
843 2517 972 2575 lermam
991 2515 1106 2591 redegit
1115 2537 1124 2588 ;
1147 2517 1223 2575 Ger-

269 2631 381 2696 mines,
396 2631 447 2699 qui
467 2629 546 2681 treus
569 2623 708 2680 Rhenum
729 2623 871 2693 incolunt,
885 2629 997 2699 primus
1017 2624 1224 2679 Remeuerum

268 2741 359 2808 ponte
394 2730 537 2789 fabricete
572 2745 725 2802 aggressus
757 2729 891 2786 menimis
926 2727 1041 2786 adiecit
1078 2726 1224 2784 cladibus.

267 2841 430 2913 Aggressus
466 2845 510 2893 est
546 2834 712 2905 Britannos,
739 2837 856 2909 ignetes
889 2840 985 2905 antei,
1020 2838 1224 2907 superetisque

268 2943 409 3020 pecfinies
437 2950 467 2999 et
493 2937 613 2998 obsides
640 2939 805 3014 impetivit.
853 2941 914 2996 Hic
941 2957 1011 2997 cum
1040 2938 1134 2995 multa
1160 2939 1224 2996 Re-

268 3193 290 3236 8.
304 3189 430 3248 cophinus,
471 3187 565 3237 basket:
607 3192 718 3238 stercore,
772 3199 806 3231 12.
821 3185 952 3239 arbitrium,
961 3186 1022 3231 will.

342 3265 408 3322 filli.
773 3274 807 3318 ¹3·
822 3262 925 3305 testandi
934 3261 1017 3316 gretie,
1022 3260 1067 3316 for
1075 3259 1114 3303 the
1122 3264 1226 3316 purpose

267 3355 290 3397 9.
304 3338 387 3392 fascis,
407 3353 422 3382 a
442 3338 526 3382 brudle
545 3337 577 3394 os
589 3336 644 3379 rods
663 3335 722 3378 with
853 3332 987 3389 osbearing
994 3332 1095 3375 witness.

350 3428 382 3459 an
402 3428 454 3466 axe,
472 3411 569 3457 carried
588 3412 664 3468 before
684 3410 722 3452 the
775 3409 808 3451 18.
823 3404 1126 3461 ft'rnctus‚stlled,finitked.
1138 3432 1168 3467 χ

350 3489 443 3545 highest
456 3488 620 3544 magistrates:
635 3485 722 3542 firsces·
773 3493 809 3524 21.
824 3481 937 3532 incolunt,
948 3479 1025 3522 dwell.
1167 3470 1273 3588 χ
