2742 3975
258 274 297 336 72
479 258 577 320 Urbis
598 257 724 318 Romae
749 255 820 318 Vin·
840 256 991 318 Illustres

257 487 365 549 autem,
388 479 500 535 “lacta
524 478 588 536 silea
612 478 724 535 est6!”
750 477 1100 550 enclimins,exercitum
1125 478 1209 535 triici

183 638 184 641 ,
257 585 339 642 iussit
352 558 541 659 plirrimisdue
562 582 682 641 urbibus
704 589 855 657 occupitis
876 582 1064 641 Brundisium
1086 593 1206 642 conten-

257 690 309 761 dit,
325 695 384 765 quii
407 689 565 763 Pompeius
586 688 780 763 cinsulisque
802 689 1006 764 cintirgerant.

298 796 357 870 Qui
384 814 453 853 cum
481 795 551 853 inde
580 796 610 852 in
636 774 762 869 Epirum
796 794 987 867 triiicissent,
1012 795 1123 854 Caesar
1157 800 1207 853 eris

224 930 234 977 5
257 907 374 961 secutus
395 908 413 959 zi
434 901 590 959 Brundisii)
605 900 822 976 Dyrrhachium
836 901 913 959 inter
929 902 1081 976 oppositis
1101 901 1208 959 classis

257 1008 427 1084 gravissimi
453 1008 552 1065 hieme
580 1008 758 1079 trinsmisit5
787 1007 949 1082 cdpiisque,
970 1013 1043 1081 quis
1070 1008 1209 1081 subsequi

258 1115 388 1185 iusserat,
418 1114 526 1173 diritius
555 1114 737 1171 cessantibus
765 1131 833 1171 cum
866 1112 905 1171 ad
936 1118 987 1171 eris
1019 1113 1208 1171 arcessendis

258 1221 361 1279 iristri
385 1220 518 1292 misisset,
540 1226 629 1277 mirae
652 1218 794 1277 audiciae
818 1219 930 1277 facinus
958 1218 1062 1278 edidit.
1104 1220 1208 1278 Morae

258 1327 337 1384 enim
365 1327 522 1401 impatiens
550 1331 650 1383 castris
677 1330 769 1383 noctri
801 1324 957 1401 egreditur,
983 1326 1060 1383 clam
1090 1326 1208 1383 nivicu-

211 1459 237 1490 ιο
258 1432 317 1490 lam
344 1432 529 1505 cbnscendit,
558 1432 700 1491 obvoluti)
728 1433 835 1506 capite,
864 1436 902 1489 ne
930 1436 1153 1507 ‘agnisceritun
1179 1440 1210 1489 et

258 1557 438 1613 quamquam
473 1555 554 1595 mare
588 1543 675 1595 saevi
707 1543 885 1612 tempestite
922 1537 1146 1608 intumiscibat,
1178 1537 1208 1593 in

257 1646 349 1702 altum
377 1654 477 1703 tamen
505 1644 637 1719 pritinus
663 1642 748 1719 dirigi
770 1644 918 1718 nivigium
942 1643 1025 1701 iubet
1050 1652 1080 1701 et
1103 1643 1208 1719 guber-

258 1756 360 1809 nitbre
384 1750 560 1826 trepidante,
600 1749 711 1823 “Quid
735 1750 869 1807 timis?”
896 1750 1001 1824 inquit,
1023 1750 1209 1808 “Caesarem

257 1857 386 1916 vehis!”
421 1874 519 1932 neque
550 1856 628 1931 prius
662 1856 889 1931 gubemitbrem
925 1854 1033 1914 cedere
1069 1856 1210 1914 adversae

211 1991 234 2038 ις
258 1968 427 2039 tempestiti
457 1980 559 2038 passus
588 1971 641 2036 est,
663 1981 754 2039 quam
777 1980 873 2039 paene
897 1962 1018 2022 obrutus
1040 1971 1119 2022 esset
1139 1962 1209 2020 fluc-

257 2071 343 2130 tibus.

298 2175 417 2235 Deinde
432 2177 543 2237 Caesar
563 2176 594 2234 in
615 2163 738 2252 Epirum
758 2177 908 2252 profectus
929 2177 1104 2251 PompEium
1121 2175 1211 2234 Phar-

258 2284 347 2342 silici
372 2285 486 2358 proelii)
512 2284 599 2355 firdit,
624 2293 654 2341 et
678 2284 839 2358 fugientem
867 2288 1048 2357 persecirtus,
1073 2292 1105 2340 ut
1132 2289 1210 2341 occi-

258 2408 322 2447 sum
350 2390 500 2464 cogmivit,
523 2391 695 2448 Ptolemaei)
724 2394 794 2464 regi,
817 2389 952 2463 Pompiii
979 2389 1211 2459 intersectdrii

209 2519 237 2550 ιο
258 2501 318 2570 qud
341 2495 396 2554 sibi
419 2514 539 2570 quoque
561 2496 681 2554 insidiis
706 2495 791 2553 tendi
813 2494 937 2566 videret,
959 2494 1070 2552 bellum
1094 2494 1212 2566 intulit;

258 2606 318 2676 qud
341 2604 420 2659 victi)
445 2602 475 2658 in
502 2603 627 2659 Pontum
649 2601 761 2658 trinsiit
783 2600 1033 2674 Phamacemque,
1056 2600 1212 2658 Mithridi-

258 2707 295 2764 tis
320 2706 425 2779 filium,
447 2706 639 2765 rebellantem
665 2715 695 2763 et
723 2705 877 2780 multiplici
901 2711 1037 2764 successi
1062 2705 1212 2781 praeferi>-

258 2830 326 2870 cem
350 2812 426 2870 intui
450 2819 585 2887 quintum
610 2812 649 2869 ab
672 2810 802 2869 adventii
824 2811 915 2883 diem,
937 2820 1084 2885 quattuor,
1105 2811 1214 2886 quibus

258 2919 289 2975 in
316 2923 510 2992 crinspectum
537 2917 627 2989 venit,
650 2917 728 2975 hirris
756 2921 814 2974 imi
841 2916 1006 2992 prifligivit
1032 2916 1106 2988 acie,
1128 2921 1215 2974 mire

209 3045 236 3092 ²5
258 3023 396 3095 fulminis,
418 3023 500 3098 quod
524 3028 584 3081 imi)
609 3021 778 3096 eidemque
803 3027 957 3081 mimenni
980 3022 1070 3095 venit,
1093 3040 1214 3097 percus-

275 3260 294 3294 1.
310 3250 371 3305 ilea,
383 3250 429 3295 die.
763 3261 797 3293 11.
813 3248 992 3303 intumiscibat,
1003 3263 1053 3294 was
1061 3248 1177 3306 mellingi.

273 3325 294 3368 6.
309 3323 396 3378 hieme,
406 3325 497 3378 winter,
508 3329 586 3370 storm.
763 3335 797 3368 12.
811 3324 977 3380 gubernitt'ire,
987 3324 1123 3368 kelmsman.

261 3411 294 3443 10.
310 3398 432 3451 obvolfitr‘),
439 3399 552 3457 wrapped
559 3399 641 3453 round,
650 3397 712 3458 mus·
763 3409 797 3455 15.
812 3398 918 3451 obrutus,
929 3398 1017 3450 buried,
1028 3398 1217 3451 ovenvkelmedt

333 3473 388 3532 sled
397 3480 435 3532 up.
842 3472 961 3526 fluctibus,
972 3474 999 3529 by
1008 3475 1046 3516 the
1055 3486 1139 3518 waves.
