2742 3975
211 262 254 339 46
434 260 531 324 Urbis
553 262 680 325 Romae
712 262 784 325 Viri
804 263 955 327 Illustrcs

212 486 345 539 initdri
358 499 455 555 neque
473 487 491 539 i
510 482 645 542 doctrini
665 483 760 541 desilit
770 506 779 557 3
801 484 855 543 sed
876 486 965 545 ambi>
986 505 1049 545 rem
1070 488 1164 562 pubii-

212 604 289 659 cam,
304 572 393 661 quain
415 591 488 645 tueri
509 598 655 662 poterant,
671 591 841 664 perturbire
863 592 1034 650 miluimnt.

251 693 387 751 Tiberius
413 694 576 767 Gracchus,
601 695 849 771 tribunusplebis
874 703 996 768 creaitus,
1018 703 1036 756 i
1062 704 1165 757 senitir

213 799 335 857 descivit
346 819 354 871 ;
377 800 479 874 populi
500 800 631 859 favorem
651 802 781 876 profusis
802 803 1001 877 largitionibus
1022 805 1078 863 sibi
1095 823 1165 863 con·

179 930 190 977 5
212 905 320 962 ciliivit
330 925 339 977 3
370 910 454 979 agros
477 906 556 980 plcbi
577 906 738 979 dividebat,
749 909 914 983 provinciis
936 916 1019 967 novis
1042 911 1165 969 coloniis

213 1012 355 1086 replebat.
399 1012 476 1071 Cum
498 1023 596 1071 autem
617 1014 805 1073 tribuniciam
826 1021 1003 1090 potestitem
1025 1016 1080 1075 sibi
1098 1022 1165 1092 pro·
1186 1041 1189 1046 ·

214 1124 310 1192 rogiri
323 1117 411 1175 vellet
425 1128 455 1175 et
469 1121 567 1194 palam
581 1120 753 1191 dictitisset,
763 1121 942 1195 interempto
953 1127 1056 1179 senitil
1067 1122 1167 1179 omnia

214 1243 267 1300 per
288 1225 407 1300 plebem
423 1232 469 1301 agi
483 1225 602 1298 deone,
617 1218 695 1284 viam
710 1227 765 1285 sibi
779 1226 818 1284 ad
832 1231 955 1301 regnum
969 1234 1071 1301 parire
1085 1228 1166 1286 vidc-

214 1332 307 1390 bitur.
351 1331 418 1405 Qui
435 1336 466 1390 re
485 1351 553 1389 cum
573 1338 728 1391 convocaiti
746 1336 844 1406 patres
863 1332 1067 1405 deliberirent,
1083 1333 1166 1408 quid-

168 1462 193 1493 ιο
214 1457 283 1497 nam
306 1438 473 1497 faciendum
496 1448 582 1509 esset,
604 1438 703 1495 statim
722 1438 857 1496 Tiberius
880 1439 1059 1513 Capitolium
1083 1439 1167 1514 petit,

216 1562 335 1602 manum
349 1543 388 1602 ad
403 1554 493 1619 caput
507 1544 945 1618 referens,quosignosali1tem
959 1563 1042 1602 suam
1056 1546 1168 1619 popuii)

214 1651 455 1709 commendibat.
499 1652 570 1708 Hoc
585 1650 721 1708 nobilitis
736 1649 777 1707 ita
790 1651 916 1724 accepit,
932 1652 1015 1724 quasi
1029 1650 1169 1708 diadema

216 1767 362 1831 posceret,
391 1756 576 1831 segniterque
605 1765 740 1813 cessante
768 1756 897 1827 consule,
921 1756 1020 1830 Scipio
1052 1757 1169 1827 Nisica,

215 1881 284 1920 cum
308 1872 385 1921 esset
407 1862 599 1921 consobrinus
621 1861 732 1919 Tiberii
755 1862 891 1931 Gracchi,
915 1862 1039 1935 patriam
1061 1869 1169 1937 cogni-

169 1993 193 2040 ις
216 1969 290 2028 tioni
310 1968 478 2044 praeferens
500 1968 612 2027 sublati
633 1966 738 2025 dextra
757 1967 966 2042 proclimivit:
997 1967 1085 2042 “Qui
1106 1987 1169 2026 rem

216 2076 366 2151 publicam
395 2076 503 2134 salvam
532 2092 596 2132 esse
624 2073 735 2144 volunt,
759 2078 807 2131 me
835 2076 1040 2148 sequantur!”
1091 2076 1170 2133 Dein

217 2182 383 2256 optimatES,
399 2186 516 2238 senitus
537 2189 625 2254 atque
647 2180 790 2254 equestris
811 2179 922 2237 ordinis
938 2198 1006 2255 pars
1024 2182 1125 2252 miior,
1140 2182 1170 2238 in

218 2287 387 2346 Gracchum
402 2286 527 2358 inruunt,
543 2292 594 2361 qui
611 2285 724 2360 fugiens
745 2285 962 2360 decuncnsque
984 2287 1060 2344 clivo
1081 2287 1169 2362 Capi·

217 2395 309 2452 toiino
326 2393 489 2468 frigmento
504 2391 632 2450 subsellii
651 2391 726 2448 ictus
739 2397 838 2462 vitam,
854 2409 943 2465 quam
964 2392 1171 2466 gloriosissime

169 2525 197 2555 20
217 2499 325 2574 degere
340 2508 485 2574 potuerat,
500 2498 655 2554 immititri
674 2506 768 2554 morte
784 2497 888 2555 finivit.
930 2499 1043 2555 Mortui
1062 2498 1172 2556 Tiberii

217 2621 323 2679 corpus
339 2605 368 2662 in
384 2604 494 2662 flumen
509 2603 672 2678 proiectum
688 2612 742 2660 est.

259 2711 366 2770 Giium
392 2710 562 2768 Gracchum
583 2708 665 2766 idem
689 2707 778 2778 furor,
800 2714 851 2782 qui
870 2708 988 2766 fritrem
1010 2709 1171 2780 Tiberium,

219 2815 383 2890 occupivit.
424 2816 452 2872 T
453 2815 619 2873 ribunitum
642 2813 722 2870 enim
743 2812 880 2888 adeptuS,
902 2832 954 2872 seu
975 2813 1171 2872 vindicandae

220 2923 363 2980 fraternae
384 2922 475 2990 necis,
492 2937 543 2976 seu
561 2918 782 2993 comparandae
795 2919 895 2993 regiae
910 2920 1061 2993 potentiae
1076 2927 1172 2989 causi,

171 3051 197 3098 ²5
219 3027 347 3103 pessima
367 3025 467 3099 coepit
489 3025 560 3082 inire
580 3025 704 3082 consilia
713 3045 722 3097 ;
744 3025 886 3082 maximas
899 3024 1065 3099 largitiones
1081 3026 1153 3084 iecit
1164 3048 1172 3099 3

219 3132 362 3190 aeririum
390 3130 496 3188 effudit
507 3151 515 3202 ;
543 3129 640 3204 legem
665 3131 704 3188 de
732 3131 880 3188 frumento
908 3131 988 3204 plcbi
1012 3131 1174 3190 dividendo

221 3238 285 3295 tulit
296 3258 304 3309 ;
330 3236 478 3294 civititem
507 3236 644 3294 omnibus
673 3236 782 3293 Italicis
811 3235 908 3294 dabat.
961 3238 1017 3294 His
1046 3238 1175 3295 Gracchi

221 3343 348 3400 consiliis
369 3347 479 3415 quanti
500 3351 637 3415 poterant
657 3342 857 3411 contentione,
874 3342 1057 3400 obsistibant
1072 3348 1175 3400 omnes

222 3449 300 3520 boni,
324 3448 354 3505 in
382 3447 488 3522 quibus
517 3448 643 3505 maixime
673 3450 749 3518 Piso,
771 3447 814 3503 vir
838 3448 1008 3504 consulitis
1053 3450 1082 3505 Is
1106 3466 1175 3506 cum
