2742 3975
260 268 304 331 60
487 268 583 332 Urbis
604 269 732 331 Romae
756 270 828 332 Vin'
847 270 999 333 Illustres

259 497 304 547 ret
340 488 454 564 hiisque
490 488 612 548 haberet
647 489 780 563 corporis
816 488 964 548 custddes.
1005 491 1122 549 Tamen
1156 496 1218 549 usin

258 594 436 653 deserebant
464 594 634 667 Sentinum,
663 612 753 670 quem
780 595 978 653 necessarium
1014 596 1071 655 sibi
1106 596 1217 655 ducem

258 700 432 773 iudicarent,
458 700 512 759 sed
540 706 639 759 amssa're
668 718 737 759 eum
759 701 917 759 desierant.
959 700 1078 761 Deinde
1102 703 1134 759 in
1159 703 1216 760 Hi·

258 811 368 881 spaniis
386 824 506 881 quoque
528 806 631 865 saeviit
654 806 807 879 Serninus,
821 806 904 882 quod
926 808 1035 866 tributa
1056 812 1118 866 nnn
1140 809 1216 867 tole·

222 929 233 978 5
257 916 375 984 rarent3
408 912 472 988 ipse
500 912 601 985 etiam,
626 917 702 969 curis
728 912 788 969 iam
816 921 847 970 et
873 912 1022 971 labdribus
1049 914 1152 986 fessus,
1175 913 1216 971 ad

257 1017 398 1075 obeunda
419 1016 504 1076 ducis
526 1018 628 1075 mfinia
650 1018 769 1092 segnior
792 1019 887 1075 sactus
910 1017 950 1075 ad
974 1018 1075 1076 luxum
1099 1028 1130 1077 et
1153 1019 1217 1078 libi·

256 1124 342 1182 din'e’s
363 1122 529 1182 declinavit.
574 1124 680 1199 Itaque
701 1123 832 1181 alienatis
853 1124 986 1181 omnium
1007 1124 1112 1182 animis
1136 1124 1216 1183 iussa

256 1230 442 1304 imperatdris
477 1229 753 1287 contemnebantur.
803 1228 939 1287 Tandem
968 1230 1046 1287 sacta
1072 1227 1215 1289 adversus

256 1353 325 1393 eum
345 1335 547 1393 coniuratidne
570 1333 714 1394 Sertdrius
735 1334 767 1391 in
789 1334 924 1393 convivit}
944 1340 963 1392 a
982 1341 1041 1393 suis
1059 1345 1105 1393 est
1123 1336 1214 1394 inter-

208 1469 234 1501 10
256 1442 359 1513 sectus,
375 1446 498 1515 magnus
520 1439 581 1497 dux
602 1449 632 1497 et
653 1440 793 1497 adversus
813 1439 888 1497 duds
910 1440 1111 1514 imperitdren
1127 1443 1215 1499 Pom-

254 1546 356 1622 peium
384 1556 415 1604 et
443 1544 608 1618 Metellum,
631 1562 723 1619 saepe
746 1550 809 1620 par,
831 1545 879 1603 vel
903 1545 1083 1619 frequentius
1106 1547 1213 1620 victor,

255 1650 294 1709 ad
314 1651 452 1710 ultimum
472 1650 608 1709 desertus
629 1659 660 1708 et
680 1649 826 1724 preditis.

386 1905 507 1959 XXII.
541 1904 684 1959 Gnaeus
704 1905 891 1971 Pompeius
909 1905 1078 1971 Μᾶρηωε.

294 2054 415 2114 Gnaeus
437 2053 607 2129 Pompeius
622 2053 720 2128 stirpis
737 2053 910 2125 senitdriae,
925 2052 1003 2112 belle
1026 2054 1103 2112 civili
1124 2059 1157 2114 se
1180 2065 1213 2116 et

252 2169 368 2235 patrem
385 2159 510 2217 cbnsilid
532 2159 664 2218 servavit.
707 2159 784 2218 Cum
806 2157 886 2216 enim
908 2161 1033 2234 Pompei
1052 2169 1139 2235 pater
1159 2179 1210 2220 ex-

205 2301 229 2349 ¹5
252 2265 356 2323 ercitui
376 2270 429 2323 sud
451 2265 491 2322 ob
512 2264 662 2322 avaritiam
684 2273 762 2322 esset
783 2263 898 2336 invisus,
914 2263 992 2322 facta
1006 2264 1038 2322 in
1052 2282 1122 2323 eum
1136 2285 1209 2325 con-

251 2370 394 2429 iura‘itidne
408 2369 563 2428 Terentius
578 2369 709 2444 quidam,
721 2370 818 2428 Gnaei
831 2371 955 2444 Pompei
975 2369 1029 2428 filii
1049 2372 1210 2432 contuber-

251 2476 332 2546 nalis,
348 2475 426 2534 hunc
448 2475 647 2534 occidendum
669 2474 808 2549 suscepit,
822 2473 895 2532 dum
915 2474 964 2532 alii
984 2476 1210 2536 tabernaculum

250 2582 341 2656 patris
372 2579 575 2639 incenderent.
628 2581 714 2654 Quae
749 2585 795 2638 res
828 2598 897 2637 cum
930 2579 1028 2638 iuveni
1062 2584 1210 2658 Pompeid

249 2692 369 2746 cenanti
390 2687 524 2746 nuntiata
546 2695 633 2758 esset,
655 2685 728 2742 nihil
750 2685 882 2760 periculi)
905 2690 1002 2746 metus
1024 2688 1111 2746 solite
1134 2689 1208 2747 hila-

200 2825 228 2856 20
249 2793 306 2851 rius
329 2793 403 2851 bibit
427 2803 457 2851 et
478 2811 547 2850 cum
571 2791 712 2850 Terentia
737 2790 853 2863 eadem,
871 2796 929 2866 qua
948 2798 1045 2865 antei,
1065 2795 1209 2854 cemitate

249 2903 316 2968 fisus
345 2909 398 2956 est.
442 2897 562 2956 Deinde
590 2896 758 2955 cubiculum
788 2896 931 2971 ingressus
960 2897 1038 2955 clam
1067 2898 1209 2961 subduxit

261 3109 283 3153 3.
298 3095 424 3148 desierant.
436 3095 523 3140 cenred.
754 3094 788 3138 16.
803 3094 986 3148 contubemalis
1004 3098 1209 3153 tent-campanieu,

261 3171 282 3215 6.
298 3170 388 3224 munia,
399 3169 481 3215 duties.
834 3168 948 3213 comrade.

260 3259 281 3301 7.
297 3245 430 3298 diclinavit
446 3244 535 3288 turned
551 3243 623 3297 aside,
637 3256 701 3300 gave
754 3255 787 3299 17.
802 3243 991 3297 tabema'tculum,
1004 3248 1058 3290 tent.

328 3319 429 3377 himself
437 3324 474 3376 up.
751 3331 785 3374 19.
800 3317 870 3361 solit6
881 3318 987 3372 hilarius,
997 3333 1062 3363 more
1067 3319 1137 3376 gaily
1146 3323 1208 3367 than

260 3407 281 3449 9.
297 3394 469 3446 coniuratidne,
480 3393 620 3450 conspiracy.
831 3392 906 3437 usual.

248 3480 281 3511 12.
298 3469 415 3525 prdditus,
425 3468 539 3524 betrayed.
751 3481 786 3511 ao.
800 3467 867 3520 bibit,
877 3467 960 3512 drank.
