2742 3975
385 247 507 313 Caesar
529 249 732 313 Octavianus
753 250 927 334 Augustus
1092 268 1132 333 93

182 489 372 547 penumpere
395 472 484 530 etad
506 472 632 530 tribunal
652 472 774 548 propius
795 472 939 531 accedere
964 473 1134 533 cunabatur.

183 576 273 652 Quod
293 596 361 635 cum
381 578 485 636 frustra
504 584 654 650 tentasset,
670 578 745 635 haec
758 579 849 636 verba
868 580 899 635 in
918 578 1026 638 tabella
1044 586 1134 655 scrip-

182 685 228 756 sit,
261 685 380 759 “Surge
405 683 536 756 tandem,
559 684 737 742 camifex!”
773 702 899 759 eamque
928 685 1067 744 tabellam
1096 686 1135 744 ad

182 793 346 866 Augustum
366 790 499 865 pritiecit.
543 790 611 863 Qua
631 791 708 848 lecti
728 790 753 848 is
774 791 873 848 statim
894 792 1016 850 surrexit
1036 810 1135 867 neque

182 898 338 973 quisquam
360 906 404 954 est
426 906 521 955 morte
544 896 691 954 multatus.
1158 910 1170 961 5

223 1002 378 1062 Habitavit
405 1005 551 1078 Augustus
576 1004 607 1061 in
630 1002 754 1061 aedibus
778 1002 913 1076 modicis,
937 1022 1035 1079 neque
1064 1004 1134 1062 laxi·

182 1116 241 1168 tate
255 1127 353 1184 neque
367 1109 448 1167 cultri
462 1110 639 1184 cimspicuis
659 1128 695 1166 ac
715 1127 769 1183 per
787 1114 880 1167 annas
897 1110 1022 1185 amplius
1041 1110 1133 1185 quad·

181 1217 294 1291 ragintri
325 1216 357 1274 in
384 1215 492 1274 eidem
521 1215 658 1274 cubiculi>
691 1215 789 1272 hieme
816 1223 846 1273 et
876 1221 987 1273 aestate
1018 1217 1133 1276 mansit.

184 1320 323 1393 Supellex
360 1338 480 1395 quoque
519 1322 582 1379 eius
617 1321 667 1378 vix
700 1327 830 1396 privatae
866 1322 1027 1397 Elegantiae
1063 1332 1133 1381 erat.

182 1428 262 1484 Rairt‘)
282 1436 365 1484 veste
389 1427 446 1483 alia
469 1432 538 1484 risus
563 1436 608 1484 est
629 1445 718 1502 quam
743 1428 881 1485 confecta
904 1429 942 1486 ab
965 1434 1065 1499 ux6re,
1087 1448 1133 1487 so·
1156 1452 1183 1483 ιο

182 1538 258 1604 rure,
286 1532 350 1590 ulia
378 1532 585 1607 neptibusque.
642 1534 720 1591 Item
748 1542 850 1591 tamen
877 1535 1015 1606 Rumam,
1044 1553 1134 1610 quam

181 1644 236 1714 pri>
252 1639 406 1697 maiestate
424 1638 541 1713 imperii
560 1644 621 1697 nim
640 1639 709 1697 satis
729 1644 863 1697 &matam
881 1640 1042 1712 invenerat,
1057 1640 1134 1699 adei)

182 1745 318 1816 excoluit,
339 1754 373 1803 ut
393 1745 456 1803 iirr'e
480 1745 659 1820 glirriaritur,
681 1764 878 1805 marmoream
903 1750 934 1805 sc
959 1746 1134 1821 relinquere,

181 1868 271 1925 quam
291 1850 452 1909 latericiam
475 1851 649 1927 accepisset.

223 1957 330 2016 Firma
359 1957 413 2016 fuit
441 1958 589 2033 Augustus
619 1958 728 2016 eximia
756 1967 787 2017 et
815 1976 871 2034 per
898 1963 1002 2018 omnes
1031 1959 1134 2018 aetatis
1156 1978 1181 2026 15

181 2170 282 2245 legitis
318 2178 349 2227 et
382 2171 412 2227 in
442 2170 539 2245 capite
568 2170 718 2228 crimendf)
747 2180 807 2228 tam
836 2171 1008 2243 incriricisus,
1036 2180 1069 2229 ut
1097 2177 1133 2230 ei>

181 2276 246 2350 ipsi)
277 2283 421 2350 tempore,
450 2282 510 2350 quir
541 2276 613 2334 illud
644 2277 811 2335 tunsbribus
844 2277 1052 2350 committeret,
1084 2288 1134 2337 aut

180 2382 292 2458 legeret
313 2382 425 2456 aliquid
445 2392 496 2439 aut
517 2382 607 2440 etiam
628 2383 778 2442 scrstrerct.

223 2490 325 2546 Paucis
358 2495 440 2545 annis
472 2497 633 2563 antequam
667 2494 838 2561 moreretur,
870 2489 1070 2564 gravissimam
1102 2490 1133 2547 in
1154 2516 1183 2548 20

181 2594 341 2652 Germiniai
364 2594 482 2675 accepit
506 2594 634 2669 cladem,
657 2595 750 2655 tribus
775 2595 937 2670 legiunibus
963 2613 1032 2652 cum
1056 2595 1133 2654 duce

180 2701 258 2758 Viri)
283 2701 443 2775 legatisque
468 2711 498 2759 et
523 2702 634 2759 auxiliis
658 2702 795 2760 omnibus
822 2707 923 2758 caesis,
967 2703 1034 2759 Hic
1059 2707 1131 2759 nim-

181 2805 251 2863 tiata
265 2807 403 2865 excubias
422 2825 477 2881 per
494 2808 598 2866 urbem
619 2808 733 2880 indixit,
748 2813 786 2865 nti
805 2808 870 2882 quis
885 2808 1025 2866 tumultus
1044 2808 1131 2866 exsis-

180 2921 264 2983 teret,
290 2922 320 2970 et
346 2919 467 2988 magmis
493 2913 578 2972 ludus
604 2915 669 2971 Iovi
696 2914 811 2989 optimi>
839 2915 966 2972 maximi)
994 2914 1083 2986 vivit,
1109 2921 1133 2971 si

179 3023 225 3077 res
255 3019 375 3094 publica
401 3019 432 3076 in
460 3021 612 3078 melirirem
640 3029 749 3077 statum
776 3020 919 3078 vertisset.
961 3020 1047 3078 Adea
1078 3019 1128 3078 de-
1155 3043 1179 3090 ²5

193 3220 215 3264 3.
230 3207 342 3263 camisex,
355 3209 508 3262 executioner,
519 3209 622 3254 butclrer.
682 3209 715 3254 16.
732 3208 849 3262 lincicinii,
861 3209 1003 3254 adomment.

193 3282 214 3326 6,
230 3283 330 3336 laxitate,
340 3284 502 3340 spuriourness.
683 3285 717 3328 18.
733 3284 877 3337 tims5ribus,
888 3284 989 3328 barbers.

181 3369 214 3401 11.
230 3358 347 3414 neptibus,
354 3358 578 3415 granduaugkters.
683 3371 718 3416 23.
734 3358 846 3402 excubiis
854 3357 943 3412 indixit,
951 3358 1132 3403 orderedwatch

181 3442 215 3487 14.
232 3431 369 3485 latericiam,
383 3431 488 3490 ofbrick.
761 3436 784 3476 to
794 3433 820 3476 be
829 3431 887 3491 kept.
