2742 3975
223 270 265 347 76
439 266 537 329 Urbis
559 266 685 327 Romae
718 264 790 327 Viri
811 264 961 327 Illustres

221 484 301 560 apud
328 485 560 560 Xenophantem
588 485 714 560 lagisset,
737 485 848 560 Cyrum
875 485 979 556 ultima
1005 484 1173 544 valatadine

221 591 375 649 mandasse
398 590 545 666 quaedam
567 590 605 649 da
627 591 732 649 lamere
754 596 816 662 sua,
837 595 1009 666 aspernatus
1029 600 1091 649 tam
1112 591 1173 649 len-

221 708 284 756 tum
298 698 400 756 mortis
418 715 511 772 genus
532 696 658 756 subitam
681 697 736 755 sibi
757 697 945 770 celeremque
965 703 1128 772 optaverat,
1143 707 1174 755 et

220 803 315 879 pridia
329 820 418 878 quam
436 803 630 875 occideretur,
646 803 676 860 in
698 808 835 861 sermane
856 808 927 861 nata
948 821 1037 877 super
1057 808 1172 876 canam,

184 931 194 977 5
219 910 355 984 quisnam
383 919 460 967 esset
488 908 558 967 finis
586 914 662 967 vitae
692 907 961 980 commodissimus,
986 915 1173 982 repentinum

220 1016 462 1091 inopinatumque
488 1014 675 1090 praetulerat.
719 1016 929 1073 Percussarum
950 1024 1050 1073 autem
1075 1033 1172 1090 neque

220 1122 347 1179 triennia
371 1121 527 1196 quisquam
551 1120 676 1195 amplius
700 1121 860 1195 supervixit
880 1138 979 1196 neque
1003 1130 1097 1179 morte
1120 1140 1171 1179 ne-

219 1228 346 1286 cessaria
369 1227 465 1303 periit.
508 1227 648 1285 Damnati
675 1231 780 1285 omnes
803 1227 877 1285 alius
902 1228 959 1285 alia
983 1232 1054 1285 casa
1077 1228 1171 1302 peria-

219 1343 295 1405 runt,
323 1351 391 1407 pars
431 1332 592 1408 naufragia,
628 1350 696 1407 pars
734 1333 867 1407 proeli63
909 1333 1042 1391 nannalli
1078 1338 1172 1392 samet

172 1463 198 1494 ιο
219 1439 327 1497 eadem
352 1439 402 1498 illa
429 1439 568 1515 pagiane
591 1444 651 1513 qua
679 1439 838 1497 Caesarem
869 1438 1058 1511 violaverunt,
1083 1439 1171 1497 inter·

218 1549 361 1604 amanmt.

259 1652 329 1725 Qua
351 1651 441 1709 rarior
459 1650 491 1708 in
515 1650 633 1725 ragibus
654 1659 684 1708 et
705 1650 887 1725 principibus
907 1651 975 1709 viris
996 1650 1170 1723 moderatia,

218 1758 277 1816 hac
312 1755 462 1815 laudanda
499 1757 593 1831 magis
631 1766 684 1815 est.
734 1756 770 1815 C.
799 1756 889 1815 Ialius
918 1756 1027 1815 Caesar
1050 1758 1172 1815 victaria

218 1864 294 1921 civili
316 1862 545 1921 clamentissima
568 1867 635 1921 fisus
658 1872 723 1935 est3
745 1880 814 1919 cum
836 1862 916 1920 enim
937 1862 1044 1921 scrinia
1064 1861 1169 1938 dapre-

172 1969 371 2039 15hendisset
395 1969 584 2045 epistularum
612 1967 651 2026 ad
680 1968 855 2044 Pompaium
880 1970 1031 2028 missarum
1057 1970 1095 2028 ab
1119 1976 1169 2041 eia,

218 2083 269 2152 qui
289 2076 464 2135 vidabantur
484 2085 534 2134 aut
554 2076 585 2133 in
607 2073 728 2134 diversis
748 2085 798 2134 aut
820 2075 851 2133 in
869 2081 978 2134 neutris
995 2075 1082 2133 luisse
1104 2094 1169 2150 par-

218 2183 305 2254 tibus,
327 2183 424 2258 legere
449 2181 551 2254 naluit,
572 2180 627 2239 sed
650 2181 822 2252 combussit,
844 2186 882 2239 na
906 2181 988 2239 iorte
1010 2181 1041 2238 in
1062 2182 1170 2240 multas

218 2290 332 2366 gravius
353 2288 528 2347 cansulendi
549 2288 647 2346 locum
670 2288 784 2346 darent.
826 2287 935 2346 Cicera
955 2287 1033 2345 hanc
1051 2287 1169 2345 laudem

218 2396 357 2454 eximiam
386 2396 506 2455 Caesari
533 2395 642 2467 tribuit,
672 2393 754 2468 quod
790 2393 863 2451 nihil
896 2394 1029 2451 oblivisci
1063 2394 1171 2452 solaret

169 2523 197 2554 20
217 2502 273 2560 nisi
294 2502 419 2560 iniarias.
463 2501 630 2561 Simultates
649 2504 754 2558 omnas
776 2499 933 2558 occasiane
955 2500 1054 2558 oblata
1075 2500 1169 2558 libans

217 2607 365 2683 deposuit.
407 2608 493 2668 Ultra
514 2625 549 2665 ac
570 2607 650 2682 prior
671 2606 786 2680 scripsit
804 2606 838 2664 C.
854 2605 945 2663 Calva
966 2614 1034 2680 post
1055 2606 1170 2664 lamasa

217 2714 280 2772 aius
315 2713 469 2773 adversum
488 2718 537 2772 .εὲ
571 2713 791 2788 epigrammata.
833 2711 982 2770 Valerium
1011 2712 1169 2783 Catullum,

217 2821 300 2878 caius
322 2821 470 2878 versiculis
494 2820 607 2878 famam
631 2837 716 2877 suam
740 2819 897 2876 laceratam
921 2823 982 2875 nan
1006 2818 1169 2894 ignarabat‚

217 2924 352 2985 adhibuit
388 2930 489 2984 canae.
532 2926 565 2984 C.
596 2925 733 2984 Memmii
764 2924 933 2999 suffragator
967 2924 998 2982 in
1027 2924 1170 2998 petitiane

219 3102 238 3135 1.
253 3088 337 3134 ultima
344 3089 487 3143 matidiae,
496 3089 521 3133 in
528 3089 566 3133 Iris
574 3089 620 3133 last
629 3089 668 3132 ill·
732 3101 754 3144 9.
769 3086 901 3144 naufragia,
912 3086 1047 3144 stipwreck.

298 3179 355 3210 ness.
720 3175 754 3218 14.
769 3162 863 3215 scrinia‚
873 3174 924 3207 acc.
935 3162 991 3219 plu,
999 3161 1119 3220 panfella,
1130 3161 1171 3204 lct-

216 3250 237 3296 5.
253 3238 473 3293 commodissimus,
491 3242 550 3282 most
563 3238 667 3291 suitable,
800 3241 904 3282 ter-case.

299 3319 358 3358 most
366 3314 498 3372 Jirvorable.
719 3325 754 3356 20.
769 3311 906 3364 simultates,
917 3311 1031 3356 enmities.

217 3391 238 3434 8.
254 3395 329 3434 morte
347 3388 526 3444 necessariaby
540 3401 555 3431 a
570 3387 669 3430 natural
719 3398 754 3431 21.
769 3386 838 3437 ultra,
847 3385 999 3439 voluntarily.

298 3465 374 3509 death.
719 3473 754 3515 24.
769 3459 1170 3515 suffragatorsuppmerspartisan.
