2742 3975
217 303 260 365 24
433 286 531 350 Urbis
552 287 679 350 Romae
704 288 777 351 Viri
796 288 947 351 Illuslres

215 512 291 578 icto,
310 513 360 581 qui
380 506 513 563 militiam
534 506 722 581 detrectziret,
740 508 771 565 in
791 508 961 567 servittitem
981 509 1167 569 venderetur.

216 614 285 670 Hoc
301 618 410 670 terrore
426 616 517 669 ceteri
530 612 628 670 adicti
641 614 763 671 nomina
776 614 942 689 promptius
957 614 1113 674 dederunt.

255 719 312 776 His
333 718 425 793 copiis
447 717 552 776 Curius
574 718 675 794 Pyrrhi
696 720 859 777 exercitum
880 720 989 778 cecidit
1010 721 1108 796 deque
1130 727 1167 779 eo

214 828 283 899 rege
305 823 503 897 triumphivit.
546 810 697 899 insignem
721 825 902 900 triumphum
926 826 1061 884 fecerunt
1083 837 1173 901 quat.

179 949 190 997 5
214 938 280 987 tuor
305 928 454 1004 elephanti
478 947 546 986 cum
572 930 699 989 turribus
723 937 790 1002 suiS,
814 941 877 988 tum
900 938 1026 1006 primurn
1052 934 1167 991 Romae
1187 1002 1190 1005 ⁴

213 1041 273 1094 visi.
322 1036 425 1093 Victus
453 1039 504 1093 rex
531 1034 634 1093 relicto
662 1037 783 1094 Tarenti
809 1036 956 1111 praesidio
983 1037 1015 1112 in
1044 1025 1165 1112 Epirum

212 1141 340 1199 revertit.
381 1142 459 1201 Cum
474 1151 572 1199 autern
588 1142 699 1200 bellum
715 1147 904 1200 renovitirrus
925 1148 1085 1217 puniretur,
1101 1146 1165 1202 Μῖι-

211 1248 294 1306 nium
309 1248 429 1307 Curium
447 1249 552 1306 iterum
572 1250 725 1307 consulem
747 1250 810 1307 fieri
830 1250 949 1325 placuit.
992 1250 1051 1309 Sed
1071 1250 1165 1324 inopi-

211 1360 281 1412 nita
295 1372 373 1412 mors
388 1355 463 1430 regis
478 1356 630 1413 Rominos
645 1360 726 1413 metii
745 1355 886 1414 liberivit.
929 1356 1054 1431 Pyrrhus
1075 1356 1164 1428 enim,

165 1480 191 1511 10
212 1459 284 1517 dum
298 1462 392 1536 Argos
407 1466 568 1535 oppirgnat,
583 1461 687 1520 urbem
709 1461 767 1518 iarn
782 1462 928 1537 ingressus
941 1467 959 1519 zi
972 1462 1077 1524 iuvene
1091 1467 1163 1537 quo·

212 1566 281 1624 dam
295 1569 402 1641 Argivi)
417 1565 519 1624 lancei
533 1566 636 1624 leviter
650 1567 817 1625 vulneritus
835 1577 887 1625 est.
930 1569 1029 1626 Miter
1048 1568 1163 1626 adules-

211 1672 314 1744 centis,
343 1690 414 1729 anus
441 1672 629 1748 paupercula,
655 1691 723 1730 cum
751 1673 813 1731 aliis
841 1673 1011 1732 mulieribus
1038 1678 1055 1732 Ε
1083 1679 1163 1732 tecto

211 1777 317 1836 domis
338 1778 483 1852 proelium
497 1778 652 1853 spectibat
662 1799 670 1849 ;
693 1796 769 1852 quae
791 1796 859 1835 cum
880 1778 1000 1837 vidisset
1022 1779 1163 1854 Pyrrhum

210 1884 241 1940 in
263 1889 414 1941 auctorem
437 1884 563 1942 vulneris
588 1890 632 1941 sui
655 1889 762 1960 migno
790 1884 903 1958 impetit
932 1884 1007 1956 ferri,
1032 1885 1163 1960 periculo

163 2009 187 2057 ις
211 1990 267 2048 tilii
289 1997 333 2048 sui
351 1995 502 2049 commota
522 1991 655 2066 protinus
677 1990 806 2066 tegulam
827 1991 969 2065 corripuit
989 2001 1019 2049 et
1039 1997 1161 2066 utrique

209 2101 299 2154 manin
319 2097 452 2156 intritam
473 2096 504 2153 in
525 2105 615 2171 caput
636 2096 712 2172 regis
733 2096 851 2155 deiecit.

370 2354 468 2410 XIV.
500 2353 647 2407 Marcus
666 2354 798 2407 Atilius
817 2353 986 2420 nonnius.

629 2493 677 2551 256
695 2500 742 2537 nc,

248 2625 366 2682 Mircus
385 2623 515 2698 Regulus
534 2640 603 2680 cum
623 2625 740 2681 Poenos
762 2628 868 2698 migni
887 2623 971 2682 elide
993 2623 1159 2697 adfecisset,

209 2731 319 2786 Hanni)
336 2729 584 2804 Carthaginiensis
599 2727 637 2785 ad
653 2746 721 2786 eum
736 2730 824 2799 venit,
839 2728 922 2803 quasi
938 2728 976 2786 de
992 2734 1065 2803 price
1080 2735 1160 2788 §ctri-

207 2809 265 2905 rns,
280 2838 312 2892 re
326 2839 395 2892 veri
408 2844 440 2892 ut
455 2844 572 2908 tempus
586 2833 761 2904 extraheret,
777 2834 874 2892 donec
889 2852 982 2891 novae
997 2835 1102 2909 copiae
1125 2853 1162 2892 ex

158 2962 186 2993 20
206 2925 306 2997 {fricti
324 2937 503 2998 advenirent.
547 2923 577 2997 In
594 2940 644 2997 nbi
662 2939 701 2996 ad
722 2939 873 2997 consulem
895 2939 1028 3009 accessit,
1044 2950 1161 2998 exortus

207 3055 253 3103 est
267 3045 391 3103 militum
406 3046 517 3103 climor
534 3043 693 3118 auditaque
715 3050 782 3115 vox,
798 3043 879 3102 idem
902 3044 970 3101 huic
991 3044 1159 3102 faciendum

207 3169 281 3223 esse,
296 3151 378 3225 qnod
400 3157 502 3226 paucis
525 3161 593 3208 ante
617 3157 700 3208 annis
724 3150 863 3208 Cornelio
884 3149 996 3206 consuli
1016 3155 1034 3206 ᾗ
1055 3151 1160 3208 Poenis

206 3257 315 3314 factum
337 3267 423 3316 esset.
465 3256 618 3316 Cornelius
640 3256 720 3313 enim
741 3255 821 3312 velut
841 3255 872 3312 in
892 3255 1082 3328 conloquium
1107 3274 1161 3331 per

206 3363 340 3421 fraudem
371 3368 510 3422 evocitus
538 3368 556 3420 ῑι
584 3363 690 3419 Poenis
722 3360 952 3434 comprehensus
983 3370 1044 3417 erat
1072 3371 1102 3418 et
1130 3362 1160 3418 in

157 3491 183 3538 25
206 3469 321 3526 vincula
345 3469 507 3526 coniectus.
551 3468 615 3524 Iam
646 3467 758 3523 Hanno
783 3465 886 3522 timere
911 3464 1080 3538 incipiebat,
1106 3465 1159 3524 sed
