2742 3975
278 285 423 349 Publius
448 284 597 348 Valerius
619 283 789 346 Laevinus
811 294 843 345 et
864 283 1014 364 Pyrrhus
1085 299 1123 362 19

169 526 237 565 cum
253 511 304 564 rex
319 511 508 581 percontatus
526 515 612 576 esset,
628 523 699 562 num
715 524 758 575 ea,
774 522 850 580 quae
870 504 1071 579 pervenissent
1085 502 1123 560 ad

169 618 254 671 auris
269 618 345 684 suis
357 611 518 686 dixissent,
540 615 558 643 “
572 612 610 669 Et
625 611 700 668 haec
715 611 871 682 diximus‚”
882 610 1025 684 inquiunt,
1036 613 1053 640 “
1064 614 1123 680 rix,

169 729 200 779 et
218 719 273 777 nisi
292 706 393 776 vinuin
414 718 584 789 defecisset,
601 717 694 775 multi)
716 717 799 791 phira
813 726 843 774 et
863 717 998 792 gravidra
1017 715 1125 773 dicturi

170 825 305 882 fuimus.'’
349 823 483 898 Pyrrhus,
499 830 550 898 qui
564 824 693 881 malebat
707 828 766 879 vini
780 840 869 897 quam
886 821 1039 878 hominum
1057 840 1123 879 eam

170 930 289 1005 culpam
302 929 403 1001 videri,
419 928 573 988 subridens
589 934 640 987 eds
655 928 774 986 dimisit.

211 1036 336 1111 Pyrrhus
351 1035 438 1110 igitur
451 1053 519 1091 cum
537 1041 653 1110 putaret
674 1034 731 1093 sibi
751 1034 909 1109 gibridsum
931 1033 1002 1105 fore,
1017 1038 1125 1108 picem

170 1151 200 1199 et
219 1141 323 1199 foedus
343 1160 412 1199 cum
435 1142 577 1199 Ruminis
599 1140 670 1216 post'
689 1139 842 1198 victimam
866 1139 973 1211 facere,
995 1140 1124 1196 Rdmam

170 1246 248 1304 misit
268 1247 398 1322 liginum
419 1247 553 1319 Cineam,
577 1253 627 1321 qui
647 1252 754 1321 picem
776 1252 877 1320 aequis
900 1244 1125 1303 condicir‘mibus

170 1358 360 1429 prdpdneret.
399 1354 471 1411 Erat
485 1353 509 1411 is
524 1358 584 1428 rigi
599 1352 747 1410 familiiris
762 1352 946 1426 multumque
961 1350 1042 1426 apud
1057 1369 1124 1409 eum

170 1459 263 1535 gritii
282 1459 406 1518 valibat.
449 1460 556 1517 Dicere
579 1459 693 1517 solibat
715 1458 849 1533 Pyrrhus
868 1460 900 1515 se
921 1458 1018 1532 phiris
1039 1458 1124 1516 urbes
1148 1485 1173 1515 ιο

171 1564 280 1623 Oneae
302 1565 472 1641 eloquentiis
486 1583 576 1640 quam
589 1570 617 1621 vi
632 1574 661 1622 et
676 1571 764 1621 armis
785 1569 976 1639 expignisse.
1019 1564 1125 1622 Cineis

170 1680 270 1728 tamen
291 1671 367 1746 rigis
389 1671 583 1746 cupiditatem
604 1676 666 1728 nim
688 1663 860 1728 adulinitur
870 1691 879 1742 3
909 1686 977 1726 nam
1001 1687 1070 1726 cum
1095 1670 1126 1727 in

170 1781 307 1835 sermbne
333 1776 458 1852 Pyrrhus
480 1783 507 1835 ei
529 1776 651 1835 c6nsilia
672 1795 724 1834 sua
745 1782 872 1851 aperiret
893 1775 1072 1850 dixissetque
1094 1780 1125 1833 se

170 1882 244 1940 velle
266 1883 381 1940 Italiam
404 1882 515 1940 dicidni
536 1902 604 1941 suae
627 1882 770 1954 subicere,
793 1882 919 1950 Cineis,
949 1882 1125 1955 “Superatis

172 1991 341 2060 Rdmanis‚”
357 1990 461 2065 inquit,
478 1994 495 2020 “
506 1987 577 2064 quid
597 2007 684 2064 agere
703 1989 875 2060 destinis&
897 1989 994 2046 rex?'’
1038 1992 1055 2019 “
1066 1990 1124 2046 Ita·
1148 2011 1172 2058 ις

171 2094 227 2153 liae
240 2099 336 2153 vicina
353 2105 398 2153 est
419 2096 545 2166 Sicilia‚’'
562 2095 656 2169 inquit
678 2095 813 2169 Pyrrhus
830 2098 915 2151 “nec
936 2093 1055 2152 difficile
1071 2094 1126 2151 erit

170 2218 236 2258 eam
251 2207 338 2258 armis
355 2202 531 2275 occupire.'’
573 2203 658 2258 Tunc
673 2201 799 2259 Cineas:
822 2204 840 2231 “
853 2200 1008 2275 Occupiti
1029 2201 1126 2258 Sicilia

170 2306 242 2380 quid
270 2313 375 2381 postei
403 2312 518 2376 ictinus
547 2308 627 2365 es?”
674 2308 750 2379 Rex,
775 2312 826 2380 qui
852 2306 985 2364 nundum
1015 2307 1124 2365 (Eneae

172 2423 303 2471 mentem
331 2413 546 2489 perspiciebat,
576 2417 594 2444 “
604 2414 640 2470 In
665 2395 825 2485 biricamss'
847 2413 951 2487 inquit,
973 2412 1125 2470 “traiicere

110 2570 112 2575 .
173 2519 244 2576 mihi
264 2519 295 2576 in
316 2520 415 2576 animi)
437 2521 511 2577 est.”
553 2519 608 2578 Cui
629 2519 695 2576 ille:
720 2517 830 2592 “Quid
852 2518 1005 2590 deinde,‹'>
1027 2520 1123 2576 rix?”
1146 2541 1174 2572 20

171 2626 277 2682 “Tum
295 2624 434 2700 denique,
451 2630 491 2682 mi
512 2625 648 2696 Cineis,'’
665 2625 759 2698 inquit
781 2623 916 2698 Pyrrhus,
932 2628 1013 2681 “niis
1035 2625 1126 2699 quieti

171 2731 306 2790 dabimus
331 2731 469 2806 dulcique
499 2731 560 2789 ‹itii›
589 2732 745 2788 fruimurff'
798 2731 876 2786 Tum
903 2730 1027 2788 Cineis:
1058 2731 1125 2786 “At

171 2837 243 2913 quid
258 2837 393 2912 impedit,
409 2837 565 2912 quiiminus
580 2837 636 2895 istd
651 2837 713 2894 ritib
728 2836 786 2892 iam
800 2854 880 2893 nunc
895 2836 1016 2893 fruiris?
1026 2837 1042 2861 '’

212 2945 341 3002 Rdmam
363 2961 431 3000 cum
453 2944 581 3000 venisset
602 2944 719 3014 CineaS,
741 2942 848 3000 domds
869 2941 1035 3015 principum
1057 2958 1125 2998 cnm

171 3049 338 3124 ingentibus
353 3048 439 3107 ddnis
453 3049 633 3106 circumfluat.
670 3050 824 3123 Nusquam
836 3053 905 3105 verb
920 3056 1055 3121 receptus
1071 3057 1124 3105 est.
1146 3066 1172 3113 25

172 3155 243 3213 an
257 3161 275 3212 i
287 3155 354 3212 viris
368 3155 472 3225 stilum,
485 3154 538 3212 sed
555 3155 643 3211 etiam
658 3160 675 3211 i
690 3154 858 3212 mulieribus
873 3159 972 3229 spreta
986 3153 1047 3211 cius
1061 3157 1124 3210 mii-

171 3279 250 3318 nera.
294 3259 484 3318 Intrdductus
499 3259 609 3318 deinde
630 3261 661 3317 in
682 3260 793 3317 curiam
810 3278 879 3316 cum
899 3260 973 3335 regis
987 3260 1125 3317 virtutem

172 3371 410 3441 prdpensumque
430 3367 460 3422 in
479 3367 630 3424 Rdmimds
652 3366 784 3423 animum
804 3366 900 3424 verbis
922 3366 1074 3424 extolleret
1096 3376 1126 3423 ct

173 3471 212 3529 de
226 3470 437 3530 condicir’mum
452 3472 600 3545 aequitite
616 3472 771 3530 dissereret
793 3481 823 3528 et
844 3471 990 3528 sententia
1008 3477 1126 3529 senitiis
