2742 3975
545 294 651 357 Gaius
673 295 808 357 Marius
1110 312 1125 377 5
1130 314 1148 377 3

194 520 277 573 catus
298 520 316 572 a
335 516 432 575 Cinna
452 516 483 573 in
506 516 620 574 Italiam
641 515 737 587 rediit,
763 514 897 574 efferatus
918 518 1010 592 magis
1030 518 1148 576 calami-

194 624 254 678 tate
279 638 368 696 quam
394 620 531 679 domitus.
583 622 660 681 Cum
689 622 819 680 exercitii
848 624 976 680 Romam
1005 624 1149 698 ingressus

195 744 261 785 earn
283 728 424 787 caedibus
446 738 476 787 et
497 736 604 803 rapinis
625 729 748 786 vastavit
759 749 767 801 ;
797 733 900 786 omnes
923 729 1064 787 adversae
1090 730 1148 787 iac-

194 832 283 891 tionis
315 833 430 892 nobiles
458 834 543 892 variis
577 835 790 909 suppliciorum
824 835 981 909 generibus
1016 835 1129 894 adiecit
1141 857 1148 908 ;

195 944 324 1013 quinque
345 938 409 998 dies
430 940 586 999 continuos
608 939 793 1014 totidemque
816 945 919 999 noctes
940 940 988 998 illa
1005 942 1148 999 scelerum
1172 963 1182 1010 5

195 1045 328 1103 omnium
346 1045 460 1103 duravit
477 1046 604 1104 licentia.
647 1048 718 1104 Hoc
735 1056 871 1121 tempore
888 1045 1062 1105 admiranda
1079 1052 1149 1105 sane

195 1151 298 1226 populi
314 1152 441 1209 Romani
459 1151 635 1210 abstinentia
653 1152 715 1209 fuit.
753 1152 830 1211 Cum
848 1152 928 1209 enirn
946 1152 1057 1210 Marius
1074 1159 1150 1210 occi·

195 1261 294 1314 sorum
313 1256 422 1315 dormis
441 1257 619 1315 multitudini
640 1257 821 1332 diripiendas
842 1258 1009 1329 obiecisset,
1028 1259 1150 1317 inveniri

195 1362 292 1437 potuit
309 1367 408 1434 nemo,
423 1369 472 1437 qui
490 1364 566 1420 civili
582 1363 663 1421 luctu
680 1362 823 1437 praedam
841 1373 975 1438 peteret3
995 1382 1071 1439 quae
1089 1365 1149 1439 qui·

196 1468 267 1526 dem
289 1478 350 1526 tam
373 1469 538 1527 misericors
561 1469 745 1526 continentia
769 1469 864 1543 plebis
889 1470 979 1526 tacita
1002 1470 1149 1544 quaedam
1173 1494 1197 1524 ιο

196 1574 358 1632 crudelium
381 1577 524 1632 victomm
548 1574 723 1649 vituperatio
749 1574 812 1632 iuit.
867 1574 1003 1634 Tandem
1029 1576 1149 1647 Marius,

196 1680 278 1737 senio
302 1689 332 1738 et
356 1680 504 1739 laboribus
528 1681 682 1738 coniectus
707 1681 737 1738 in
762 1681 898 1739 morbum
923 1680 1027 1739 incidit
1052 1692 1081 1739 et
1106 1682 1148 1739 in-

196 1792 276 1860 genti
293 1786 425 1844 omnium
442 1786 552 1843 laetitia
568 1792 658 1844 vitam
677 1786 781 1844 iinivit.
823 1786 914 1845 Criius
931 1786 984 1844 viri
1002 1792 1027 1845 si
1043 1787 1150 1844 exami-

196 1901 303 1949 nentur
320 1910 388 1948 cum
407 1892 561 1950 virtutibus
581 1892 658 1962 vitia,
679 1892 759 1951 haud
780 1892 865 1951 facile
885 1892 921 1950 sit
941 1891 1032 1964 dicti,
1052 1903 1148 1950 utrum

196 1998 273 2056 bello
294 1999 405 2069 melior,
424 2016 462 2055 an
482 2004 556 2072 pace
575 1999 768 2073 perniciosior
785 1999 871 2056 fuerit
881 2019 890 2071 ;
911 2016 1040 2074 namque
1060 2018 1184 2074 quam15

196 2121 258 2161 rem
273 2104 422 2177 publicam
437 2110 564 2162 armatus
584 2105 717 2175 servavit,
733 2122 798 2162 eam
819 2110 915 2180 primo
933 2111 1050 2180 togatus
1069 2111 1150 2164 omni

195 2226 304 2283 genere
326 2208 444 2281 fraudis,
460 2213 611 2283 postreuro
632 2216 720 2268 armis
741 2210 883 2268 hostiliter
904 2212 1018 2269 evertit.

237 2316 308 2372 Erat
323 2315 433 2372 Marius
448 2315 550 2373 durior
569 2316 607 2373 ad
630 2316 818 2374 hirmanitatis
840 2316 937 2374 studia
958 2326 989 2374 et
1009 2317 1148 2391 ingenui-

195 2425 384 2477 ruinartium
404 2430 602 2494 contemptor.
645 2421 722 2480 Cum
743 2420 851 2480 aedem
874 2422 1007 2480 Honoris
1028 2423 1067 2480 de
1089 2441 1149 2480 ma-

195 2525 290 2583 nubiis
313 2525 441 2583 hostium
458 2526 593 2596 vovisset,
608 2531 707 2600 spreta
727 2532 948 2602 peregrinorum
971 2546 1149 2586 marmorum
1170 2551 1198 2582 ιο

194 2631 347 2690 nobilitate
372 2631 575 2705 artificumque
598 2632 780 2690 Graecorum
802 2643 864 2690 arte
890 2650 955 2690 earn
980 2634 1089 2708 vulgari
1109 2635 1148 2691 la-

194 2736 265 2811 pide
282 2754 337 2812 per
353 2737 495 2794 artificem
521 2739 689 2794 Romanum
711 2738 823 2795 miravit
842 2739 1067 2797 aedificandam.
1111 2742 1150 2798 Et

195 2843 324 2901 Graecas
344 2842 452 2900 litteras
474 2842 666 2916 despiciebat,
681 2842 763 2916 quod
781 2843 953 2902 doctoribus
970 2851 1028 2902 suis
1045 2863 1150 2920 parum

194 2947 233 3006 ad
249 2947 387 3006 virtutem
409 2947 594 3022 profuissent.
636 2950 675 3007 At
695 2949 775 3006 idern
798 2949 889 3021 fortis,
904 2950 1026 3022 validus
1047 2951 1149 3010 adver-

194 3072 242 3111 sus
259 3053 394 3113 dolorem
411 3053 615 3112 confirmatus.
650 3054 728 3113 Cum
745 3060 772 3112 ei
790 3055 899 3113 varices
919 3055 950 3112 in
968 3061 1053 3114 cnire
1072 3063 1151 3115 secri-
1171 3080 1196 3127 25

195 3169 302 3230 rentur,
323 3159 415 3218 vetuit
440 3164 471 3217 se
496 3159 623 3234 adligari.
668 3145 778 3218 fierem
804 3170 903 3219 tamen
928 3160 1015 3219 fuisse
1039 3162 1150 3220 doloris

194 3282 324 3322 morsum
349 3265 412 3339 ipse
438 3263 567 3323 ostendit
579 3285 586 3336 ;
609 3283 677 3322 nam
699 3265 827 3338 medico,
847 3267 972 3324 alterum
995 3273 1061 3326 eriis
1081 3286 1149 3342 pos-

193 3370 305 3442 tulanti,
334 3370 427 3428 noluit
458 3371 610 3444 praebere,
639 3371 720 3444 quod
754 3372 896 3429 maiorem
930 3390 994 3430 esse
1027 3373 1150 3431 remedii

194 3493 283 3549 quam
305 3476 401 3534 morbi
422 3476 556 3534 dolorem
579 3475 731 3534 iudicaret.
