2742 3975
251 316 296 377 40
475 298 570 363 Urbis
593 300 720 361 Romac
745 300 819 362 Viri
839 300 992 362 Illustres

251 520 367 577 fortana
377 521 438 591 viri,
451 520 533 577 caius
548 520 707 578 amicitiam
723 521 794 578 elim
808 522 907 596 Scipie
922 522 1056 597 petierat.
1092 524 1207 598 Regem

251 627 381 700 aliasque
403 631 534 700 captivos
556 628 683 683 Remam
706 627 784 684 misit
805 628 903 702 Scipie
914 648 923 699 ;
946 629 1141 700 Masinissam,
1158 636 1208 704 qui

251 732 368 807 egregie
383 749 445 790 rem
461 732 627 789 Ramanam
643 731 804 804 adiaverat,
820 738 909 790 aurea
922 739 1034 792 cortina
1047 734 1176 793 denavit.

291 840 378 895 Haec
400 848 430 895 et
452 838 536 910 aliae,
551 856 627 912 quae
646 838 854 912 sequebantur,
870 838 969 896 clades
984 840 1204 915 Carthaginien-

215 967 226 1013 ς
251 944 329 1002 sibus
344 953 457 1001 tantum
473 944 589 1001 terreris
604 944 773 1015 intulerunt,
788 954 821 1001 ut
838 944 1041 1002 Hannibalem
1063 964 1099 1002 ex
1121 946 1206 1005 Italia

250 1050 289 1108 ad
309 1050 451 1108 tuendam
476 1050 601 1124 patriam
625 1055 807 1107 revocarent.
850 1049 1003 1107 Frendeus
1024 1056 1204 1126 gemensque

250 1174 285 1213 ac
312 1155 361 1212 vix
388 1156 514 1213 lacrimis
542 1161 720 1230 temperans,
741 1155 767 1213 is
791 1153 898 1212 dicitur
925 1156 1088 1230 legatarum
1115 1158 1205 1215 verba

250 1261 365 1319 audisse
394 1261 599 1335 mandatisque
627 1261 768 1336 paruisse.
812 1262 955 1335 Respexit
983 1279 1073 1337 saepe
1101 1263 1204 1320 ltaliae

250 1369 341 1438 litora,
357 1371 451 1425 semet
472 1372 622 1438 accersam,
638 1366 720 1442 quod
738 1371 799 1424 nen
815 1368 957 1424 victerem
972 1368 1133 1425 exercitum
1146 1378 1203 1426 sta-

203 1502 229 1535 10
250 1474 302 1531 tim
324 1474 363 1531 ab
380 1474 529 1532 Cannensi
542 1478 641 1548 pagna
656 1474 785 1530 Remam
799 1472 939 1531 dixisset,
981 1474 1101 1530 Zamam
1115 1478 1204 1531 vene-

250 1588 293 1637 rat
308 1579 469 1651 Hannibal,
481 1596 557 1653 quae
572 1578 640 1636 urbs
655 1584 784 1652 quinque
800 1576 914 1635 dierum
925 1578 982 1636 iter
994 1584 1013 1636 a
1026 1580 1204 1654 Carthagine

250 1685 342 1758 abest,
366 1694 396 1743 et
421 1686 555 1742 nantium
580 1684 620 1742 ad
642 1684 812 1757 Scipienem
836 1684 924 1754 misit,
949 1692 981 1741 ut
1005 1685 1205 1759 conloquendi

250 1795 351 1849 secum
366 1796 543 1865 potestatem
558 1789 678 1847 faceret.
721 1789 819 1864 Scipie
833 1806 903 1871 cum
917 1790 1108 1864 conloquium
1124 1790 1204 1849 haud

250 1896 408 1968 abnuisset,
431 1894 495 1954 dies
519 1895 661 1969 locusque
685 1894 881 1952 constituitur.
924 1896 1029 1969 ltaque
1055 1902 1205 1971 congressi

203 2014 318 2074 15sunt
346 2003 408 2061 duo
431 2001 583 2060 clarissimi
606 2019 677 2059 suae
700 2002 804 2058 aetatis
828 2000 929 2059 duces.
979 2002 1127 2060 Steterunt
1152 2004 1202 2060 ali-

250 2107 391 2183 quamdiu
409 2108 489 2165 taciti
505 2112 665 2180 matuaque
685 2106 879 2164 admiratiene
901 2106 998 2165 defixi.
1043 2109 1119 2167 Cum
1133 2114 1203 2167 vere

250 2214 288 2272 de
314 2213 540 2272 condicionibus
568 2213 650 2287 pacis
678 2212 755 2269 inter
782 2217 834 2270 ees
862 2217 921 2270 nan
946 2215 1141 2286 convenisset,
1163 2215 1202 2272 ad

250 2325 317 2379 sues
352 2324 384 2377 se
418 2323 593 2393 receperunt
624 2318 833 2389 tenentiantes,
861 2325 949 2376 armis
979 2319 1202 2379 decernendum

250 2443 323 2484 esse,
365 2425 533 2484 Commissa
561 2422 672 2482 deinde
700 2424 814 2498 proclia
843 2424 995 2482 Hannibal
1015 2428 1109 2484 victus
1134 2445 1202 2484 cum

200 2555 229 2588 20
249 2541 388 2608 quattuor
415 2531 561 2605 equitibus
590 2529 672 2604 fugit.
723 2529 864 2587 Ceterum
892 2534 1016 2601 canstat,
1045 2541 1202 2606 utrumque

250 2639 288 2698 de
309 2637 403 2696 altere
424 2637 590 2694 cansessum
614 2653 688 2706 esse,
705 2653 762 2693 nec
783 2635 887 2693 melius
906 2641 1009 2693 instrui
1030 2637 1125 2695 aciem
1146 2656 1202 2695 nec

249 2744 342 2802 acrius
364 2743 493 2817 potuisse
515 2746 645 2816 pagnari.

289 2848 544 2932 Carthaginienses
573 2852 653 2904 metti
688 2847 814 2921 perculsi
840 2846 879 2905 ad
907 2847 1067 2922 petendam
1096 2855 1201 2924 pacem

200 3087 227 3134 ²5
249 3072 344 3119 castra
369 3062 505 3118 Remana
526 3063 679 3129 venerunt,
700 3059 818 3116 veniam
843 3059 952 3116 civitati
975 3060 1118 3133 petebant
1141 3066 1202 3118 nen

249 3168 367 3241 culpam
396 3169 562 3240 pergentes,
583 3164 637 3222 sed
665 3164 779 3222 initium
808 3165 913 3238 culpae
941 3165 971 3222 in
1000 3167 1201 3224 Hannibalem

250 3272 465 3331 transferentes
506 3271 597 3328 Victis
612 3270 693 3344 leges
707 3270 848 3345 imposuit
861 3271 967 3345 Scipio.
1011 3272 1121 3346 Legati,
1133 3291 1199 3329 cum

249 3379 341 3436 nellas
362 3377 553 3435 condicianes
574 3380 752 3445 recasarent,
772 3376 901 3432 Remam
922 3376 1047 3450 proiecti
1069 3388 1144 3450 sunt,
1159 3388 1200 3448 ut,

249 3502 326 3560 quae
340 3489 358 3543 a
372 3483 508 3558 scipione
523 3489 611 3556 pacta
625 3489 732 3551 esseut,
748 3497 784 3537 ea
797 3491 912 3555 patrum
927 3499 962 3538 ac
984 3483 1087 3556 populi
1100 3489 1200 3542 aucta-
