2742 3975
218 293 259 359 54
432 280 529 343 Urbis
551 280 677 342 Romae
709 280 781 343 Viri
802 280 952 341 Illustres

400 556 481 611 XX.
510 557 643 610 bricius
663 556 847 623 Cornelius
865 556 978 611 Sulla.

606 695 703 754 138-78
720 703 770 740 rac.

255 820 412 880 CornElius
433 821 511 879 Sulla
531 839 600 879 cum
621 821 758 896 parvulus
779 826 798 878 a
817 826 931 880 nirtrice
952 821 1084 894 ferretur,
1103 840 1167 879 mu-

215 927 268 986 lier
292 928 387 999 obvia,
409 927 549 998 “Salve”
575 928 679 1002 inquit,
705 931 808 1003 “puer
831 927 886 987 tibi
911 938 941 986 et
964 934 1008 986 rei
1030 928 1168 1003 publicae

215 1043 282 1091 tuae
304 1033 403 1105 selix‚”
425 1043 455 1091 et
477 1033 575 1091 statim
597 1039 739 1108 quaesita,
760 1051 837 1108 quae
859 1034 934 1092 haec
954 1033 1084 1106 dixisset,
1105 1038 1167 1092 non

214 1138 310 1213 potuit
325 1140 456 1197 inveniri.
533 1142 535 1145 ’

179 1271 190 1320 5
256 1245 316 1301 Hic
341 1245 419 1303 bello
441 1245 614 1320 Iugurthino
640 1255 780 1320 quaestor
801 1246 889 1303 Marii
909 1246 972 1304 luit.
1014 1246 1166 1320 Quicum

213 1367 307 1424 usque
328 1350 367 1408 ad
388 1355 562 1425 quaesturae
584 1352 707 1409 comitia
726 1358 817 1410 vitam
837 1351 970 1425 libidine,
991 1357 1069 1424 vino,
1090 1351 1165 1410 lodi-

212 1474 281 1514 crae
315 1456 384 1515 artis
418 1461 520 1514 amore
553 1457 735 1532 inquinatam
768 1457 962 1533 perdixisset,
990 1458 1025 1517 C.
1054 1459 1166 1516 Marius

212 1562 315 1619 consul
343 1562 468 1621 moleste
493 1562 593 1621 tulisse
620 1562 754 1635 triditur,
774 1564 857 1637 quod
880 1564 936 1622 sibi
963 1563 1166 1638 gravissimum

214 1667 323 1725 bellum
347 1674 459 1744 gerenti
481 1677 542 1726 tam
563 1668 707 1727 delicatus
727 1679 866 1743 quaestor
889 1680 968 1728 sorte
989 1670 1165 1728 obvenisset.

165 1795 191 1825 ιο
213 1767 357 1833 Eiusdem
379 1784 488 1846 tamen,
511 1785 669 1850 postquam
689 1775 721 1833 in
740 1767 869 1833 Kiricam
889 1776 1083 1847 venit,virti1s
1104 1776 1165 1834 eni-

214 1880 277 1938 tuit.
319 1881 401 1939 Bello
430 1881 591 1953 Cimbrico,
617 1882 729 1957 legatus
753 1882 881 1939 consulis
905 1881 1014 1940 bonam
1042 1900 1165 1956 operam

212 1987 337 2046 navavit.
379 1989 491 2047 Consul
520 1989 584 2064 ipse
608 1988 719 2046 deinde
745 1989 838 2046 factus
865 1988 949 2064 pulso
973 1989 1004 2046 in
1032 1990 1164 2047 exsilium

213 2093 309 2151 Mario
328 2093 468 2153 adversus
490 2094 695 2153 Mithridatem
715 2095 863 2170 proiectus
882 2105 936 2152 est.
978 2094 1165 2153 Mithridates

212 2199 302 2271 enim,
322 2200 461 2260 Ponticus
482 2205 543 2273 rex,
558 2201 601 2259 vir
622 2201 701 2260 bello
722 2200 889 2271 acerrimus,
904 2200 1009 2258 virtute
1032 2201 1164 2274 eximius,

164 2332 188 2379 ¹5
213 2305 283 2363 odio
305 2305 336 2363 in
353 2307 505 2365 Romanos
526 2313 586 2365 non
606 2307 727 2366 inferior
742 2306 922 2377 Hannibale,
936 2312 1083 2382 occupiti
1095 2307 1165 2365 Asia

211 2417 380 2487 necatisque
405 2413 436 2469 in
460 2419 497 2470 ei
521 2413 657 2471 omnibus
685 2412 798 2471 civibus
824 2412 975 2483 Romanis,
1000 2417 1075 2485 qnos
1100 2413 1164 2486 qui-

211 2515 282 2575 dem
307 2517 413 2576 eidem
440 2516 490 2576 die
514 2528 603 2592 atque
629 2517 702 2576 hora
725 2536 779 2593 per
803 2522 907 2575 omnes
930 2517 1064 2576 civitates
1088 2518 1163 2576 inte·

211 2623 278 2680 rimi
291 2624 422 2695 iusserat,
439 2625 577 2698 Europae
596 2641 717 2698 quoque
732 2623 893 2698 Italiaeque
912 2623 1067 2681 imminere
1081 2624 1162 2682 vide-

212 2730 304 2787 bitur.
346 2731 389 2786 Ac
411 2735 507 2804 primo
527 2730 606 2788 Sulla
624 2730 698 2787 illius
717 2729 884 2804 praefectos
908 2729 1024 2787 duobus
1045 2731 1164 2805 proeliis

161 2863 189 2894 20
212 2835 242 2891 in
267 2835 392 2894 Graecia
412 2835 595 2910 profligavit3
621 2834 692 2892 dein
712 2840 906 2910 transgressus
928 2834 958 2891 in
982 2835 1083 2892 Asiam
1105 2837 1162 2892 Mi-

211 2939 369 2998 thridatem
391 2940 486 3014 ipsum
508 2940 586 2998 fudit
596 2960 605 3012 ;
633 2950 664 2998 et
685 2941 889 3016 oppressisset,
910 2939 966 2998 nisi
989 2939 1028 2997 ad
1053 2940 1163 2999 bellum

210 3045 293 3102 civile
318 3045 456 3103 adversus
479 3046 606 3103 Marium
629 3047 768 3104 festinans
789 3047 1035 3121 qualemcumque
1056 3052 1163 3121 pacem

209 3155 389 3226 componere
404 3151 562 3210 maluisset.
605 3151 810 3211 Mithridatem
825 3161 926 3210 tamen
945 3152 1074 3226 pecunia
1089 3152 1162 3210 mul·
1179 3231 1182 3235 1

210 3257 281 3312 tivit
292 3277 300 3328 ;
325 3257 395 3314 Asia
418 3257 538 3332 aliisque
560 3258 727 3332 provinciis,
749 3264 821 3333 quis
845 3263 1051 3332 occupaverat,
1073 3257 1162 3317 dece-

160 3384 186 3432 25
211 3361 282 3420 dere
304 3368 491 3437 paternisque
513 3363 624 3423 finibus
646 3374 819 3421 contentum
841 3381 905 3420 esse
926 3364 1034 3438 coegit.

252 3468 330 3527 Sulla
357 3481 478 3545 propter
508 3474 604 3527 motus
631 3470 758 3527 urbanos
790 3487 859 3525 curn
886 3470 998 3526 victore
1032 3470 1164 3527 exercitii
