2742 3975
227 283 264 328 10
445 266 541 329 Urbis
564 267 691 329 Romae
715 267 788 330 Vin·
806 268 956 330 Illustres

221 488 252 545 in
265 488 343 546 fines
357 486 486 545 hostium
504 488 612 546 'emittit
630 487 800 563 bellumque
821 488 862 547 ita
880 487 993 547 indicit.
1036 490 1172 565 Legatus,

221 598 272 667 qui
286 598 322 649 ei
334 593 374 651 de
388 597 424 651 re¹
440 592 570 666 mittitur,
586 593 696 652 fetialis
716 600 845 668 ritusque
867 594 937 653 belli
956 594 1110 655 indicendi
1129 596 1174 654 ius

222 697 323 755 fetiale
338 698 510 773 appellatur.

261 804 372 878 Ligati)
387 805 525 862 Rumand
538 809 584 863 res
597 812 746 880 repetenti
759 806 884 879 superbe
899 811 1073 881 respt'rnsum
1092 817 1137 865 est
1156 814 1174 865 ῐι

187 925 197 973 5
221 908 349 981 Latinis3
365 915 424 983 qua
438 913 469 966 re
484 909 593 967 bellum
608 909 666 967 huc
679 909 770 967 modi)
782 917 824 967 eis
835 909 981 968 indictum
992 922 1046 969 est.
1073 913 1173 969 Ancus

221 1013 350 1071 exercitu
367 1019 536 1089 cunscriptc')
555 1014 706 1089 profectus
728 1015 848 1073 Iatinds
863 1016 942 1074 fudit
962 1027 993 1074 et
1013 1016 1171 1091 compluri-

220 1119 274 1178 bus
289 1118 407 1194 oppidis
422 1119 526 1178 deletis
547 1124 626 1178 cives
647 1121 777 1177 Rdmam
798 1119 935 1179 triduxit.
977 1122 1054 1180 Cum
1073 1132 1173 1180 autem

220 1226 250 1283 in
272 1230 353 1282 tanta
374 1224 528 1283 hominum
550 1225 738 1283 multitudine
763 1225 894 1285 facinora
914 1226 1098 1287 clandestina
1121 1229 1172 1287 fie-

220 1340 294 1402 rent,
309 1332 408 1388 Ancus
423 1348 573 1388 carcerem
592 1331 622 1389 in
644 1330 743 1389 medii
762 1332 834 1390 urbe
855 1332 894 1390 ad
916 1338 1058 1391 terrdrem
1079 1335 1172 1393 incre

173 1456 200 1487 ιο
221 1436 329 1495 scentis
357 1435 500 1494 audaciae
528 1435 704 1495 aedificivit
756 1422 845 1495 idem
866 1456 943 1496 nova
967 1440 1085 1497 moenia
1108 1441 1173 1499 urbi

220 1540 426 1613 circumdedit,
443 1542 607 1599 Ianiculum
622 1550 755 1599 montem
770 1552 861 1617 ponte
876 1544 1000 1603 sublicid
1022 1545 1052 1603 in
1072 1545 1174 1604 Tiberi

220 1648 299 1704 facti)
319 1647 384 1705 urbi
404 1647 565 1719 coniunxit,
580 1647 611 1703 in
632 1651 682 1704 'dre
703 1647 819 1705 Tiberis
841 1635 955 1709 Ostiam
975 1650 1080 1709 urbem
1101 1669 1172 1709 con·

220 1750 305 1809 didit.
349 1752 482 1809 Pluribus
499 1751 562 1808 aliis
579 1752 666 1810 rebus
680 1747 756 1809 intra
774 1757 885 1827 paucius
899 1759 999 1815 ‚annus
1019 1756 1172 1827 cuniectis,

220 1857 376 1915 immitium
389 1866 484 1915 morte
499 1866 670 1931 praereptus
685 1857 768 1916 obiit.

236 2112 299 2168 VI.
331 2112 465 2166 Luctus
492 2112 710 2178 Tarquinius
733 2114 890 2177 morra,
909 2115 1156 2170 Rdmrim'srum

575 2206 641 2256 rem
657 2205 815 2269 quantus.

604 2350 720 2409 616-578
737 2357 787 2394 uc.

173 2518 197 2566 ¹5
259 2489 345 2544 Anci>
359 2491 500 2562 regnante
518 2487 625 2545 Lucius
643 2487 829 2561 Tarquinius,
843 2488 1017 2563 Tarquiniis,
1032 2509 1070 2548 ex
1087 2493 1172 2551 Etru·

220 2592 281 2650 riae
305 2592 387 2664 urbe,
410 2591 568 2667 profectus,
592 2611 660 2649 cum
686 2593 811 2667 coniuge
836 2603 866 2651 et
888 2595 1012 2654 fortunis
1036 2598 1173 2657 omnibus

221 2699 350 2756 Rdmam
365 2698 577 2772 commigravit.
618 2697 748 2755 Additur
767 2697 841 2756 haec
863 2699 982 2758 fibula:
1004 2701 1174 2761 advenienti
1210 2721 1213 2724 ·

221 2801 319 2877 aquila
332 2802 452 2876 pilleum
467 2803 581 2861 sustulit
595 2813 625 2861 et
639 2821 728 2877 super
741 2814 925 2879 carpentum,
937 2808 984 2862 cui
997 2806 1174 2881 Tarquinius

220 2907 376 2979 insidEbat
392 2926 460 2964 cum
475 2912 584 2983 maignd
598 2907 737 2982 clangdre
751 2908 875 2967 volitans
890 2915 986 2968 rursus
1000 2912 1091 2986 capiti
1103 2918 1173 2988 apti

172 3047 200 3077 20
221 3012 354 3087 reposuit
365 3033 373 3085 ;
395 3012 465 3070 inde
487 3013 618 3071 sublimis
639 3013 721 3072 abiit.
762 3015 907 3088 Tanaquil
927 3015 1044 3089 coniux,
1063 3017 1172 3077 caeles-

222 3117 295 3175 tium
316 3118 516 3194 prddigidrum
539 3124 641 3192 perita,
659 3123 783 3194 regnum
804 3125 832 3175 ei
853 3120 991 3193 portendi
1010 3122 1172 3196 intellixit3

221 3222 329 3296 itaque,
338 3223 432 3280 virum
443 3196 608 3298 cdmplexa,
621 3224 738 3282 excelsa
751 3233 781 3281 et
795 3224 854 3280 alta
868 3229 984 3298 sperare
999 3245 1067 3284 eum
1081 3228 1173 3287 iussit.

222 3329 286 3385 His
300 3333 367 3402 spes
382 3330 634 3404 edgititidnesque
651 3333 753 3386 secum
767 3334 918 3404 portantes
935 3331 1039 3389 urbem
1053 3333 1174 3408 ingressi

221 3444 297 3505 sunt,
312 3433 523 3508 domiciliaque
545 3434 586 3492 ibi
608 3438 781 3508 compartiti>
801 3435 977 3508 Tarquinius
996 3438 1124 3505 pecunia
1144 3449 1173 3497 et
