2742 3975
482 282 649 345 Aemilius
670 281 803 345 Paulus
846 349 848 353 ,
1077 301 1114 363 31

165 524 220 564 nae
244 504 403 563 milestitis
429 503 510 561 taciti
537 504 758 578 praeterierant.
801 503 892 577 Quod
920 522 989 561 cum
1016 505 1118 563 cbnsul

165 610 427 681 animadvertisset,
442 609 609 684 proximum
628 610 762 667 lictdrem
783 610 865 667 iussit
885 609 1042 669 inelimire
1062 612 1087 669 F
1088 630 1117 667 a·

166 719 215 777 bid
230 724 314 793 patri,
330 726 362 774 ut
377 735 414 775 ex
428 720 506 790 equi)
520 715 726 775 descenderet.
769 717 856 773 Pater
876 725 939 773 tum
960 715 1106 790 desiliens,

166 828 184 855 ‘⁴
194 824 222 881 N
226 828 266 881 im
281 841 345 898 ego,
362 822 433 895 nn‚”
449 824 552 897 inquit,
568 829 585 855 “
596 836 679 883 tuum
701 824 858 900 imperium
875 833 1049 901 contempsi,
1064 826 1118 885 sed

165 938 290 1005 experiri
307 932 393 1004 volui,
408 950 478 991 num
500 939 588 993 scires
610 936 763 994 cdnsulem
784 941 813 994 te
835 938 928 994 esse.'’
970 934 1018 993 Ad
1039 954 1116 994 sum·
1153 959 1164 1007 5

167 1057 245 1096 mam
273 1045 457 1099 senectiitem
484 1043 554 1100 vixit
583 1044 691 1123 Fabius
719 1043 877 1116 Minimus,
902 1042 1007 1119 dignus
1035 1049 1117 1102 tanti)

165 1147 353 1222 cogndmine.
404 1149 526 1207 Cautior
546 1168 635 1224 quam
660 1150 826 1225 prdmptior
849 1150 964 1208 habitus
987 1160 1041 1223 est,
1063 1150 1117 1208 sed

164 1254 251 1311 insita
275 1255 336 1313 Eius
359 1255 478 1330 ingenii
501 1255 658 1332 prirdentia
681 1262 709 1313 ei
733 1256 820 1327 belld,
842 1255 924 1330 quod
949 1265 1011 1313 tum
1034 1261 1120 1339 geres

166 1360 260 1433 bitur,
274 1361 393 1435 proprie
411 1370 480 1435 apta
502 1370 571 1418 erat.
615 1362 736 1419 Nemini
754 1360 877 1421 dubium
896 1371 950 1435 est,
965 1368 1035 1436 quin
1053 1380 1117 1420 rem

136 1528 138 1532 Α
166 1467 332 1524 Rdminam
353 1466 522 1525 cunctandi
544 1467 710 1525 restituerit.
1140 1496 1167 1528 ιο

212 1724 307 1779 XVI.
337 1723 509 1777 Aemilius
526 1722 664 1776 Paulus
682 1725 714 1776 ei
736 1722 918 1777 Terentius
943 1723 1067 1777 Verri.

586 1862 634 1908 216
651 1870 699 1906 Be.

206 1994 283 2053 Cum
306 1994 456 2053 Hannibal
476 1994 507 2051 in
523 1980 661 2068 dpuliam
682 1993 872 2068 pervenisset,
887 1993 1026 2052 adversus
1048 2012 1116 2052 eum

167 2101 264 2158 Remi
284 2101 410 2175 profecti
432 2110 498 2158 sunt
521 2099 581 2158 duo
602 2100 746 2170 cdnsulis
762 2100 795 2156 L.
811 2099 952 2157 Aemilius
967 2100 1071 2157 Paulus
1086 2111 1116 2159 et

164 2206 199 2264 C.
214 2206 370 2264 Terentius
384 2207 485 2264 Vani).
529 2206 618 2263 Pauli>
638 2206 723 2263 Fabii
741 2205 888 2263 eunctitid
908 2205 1000 2281 magis
1017 2206 1114 2280 place-

164 2313 214 2371 bat
225 2333 233 2384 ;
247 2314 341 2370 Varrd
363 2322 471 2384 autem,
486 2313 569 2370 ferdx
590 2321 620 2369 et
641 2312 821 2382 temnimus,
842 2311 954 2369 icridra
975 2313 1115 2386 sequibit-

118 2409 124 2422 ⁸
165 2429 212 2476 tur
222 2419 352 2477 cdnsilia.
391 2419 467 2478 Cum
479 2419 567 2477 ambi>
582 2417 621 2476 ad
631 2424 738 2490 vicum,
750 2425 800 2492 qui
814 2419 934 2477 Cannae
949 2419 1115 2495 appellibi-
1138 2442 1162 2489 ις

164 2536 220 2597 tur,
230 2536 324 2584 castra
341 2527 514 2601 posuissent,
524 2527 616 2583 Verri)
631 2525 722 2583 inviti>
737 2525 860 2601 conlegi
873 2525 968 2584 aciem
981 2525 1117 2584 instnixit

165 2643 194 2691 et
205 2639 319 2709 signum
331 2638 446 2708 prignae
457 2631 549 2690 dedit.
592 2632 743 2690 Hannibal
758 2642 855 2689 autem
871 2632 912 2689 ita
925 2632 1116 2690 cdnstituerat

164 2741 269 2812 aciem,
284 2750 316 2797 ut
331 2741 472 2797 Reminis
487 2748 517 2795 et
531 2737 599 2796 sdlis
614 2738 689 2795 radii
703 2748 733 2795 et
747 2748 850 2796 ventus
865 2737 902 2796 ab
919 2738 1032 2796 oriente
1051 2738 1114 2814 pul-

163 2865 264 2904 verem
278 2845 390 2904 adflins
405 2843 520 2902 adversi
533 2853 640 2902 essent.
683 2845 784 2902 Victus
806 2862 967 2919 caesusque
988 2854 1033 2902 est
1054 2846 1115 2903 Ru-

164 2959 267 3011 minus
288 2952 452 3023 exercitus;
474 2955 619 3024 nrisquam
639 2951 771 3025 gravidre
791 2951 910 3009 vulnere
931 2950 1050 3009 adflicta
1071 2961 1116 3008 est
1136 2983 1165 3014 20

162 3064 208 3118 res
231 3059 376 3134 pirblica.¹
401 3058 505 3115 Paulus
534 3057 597 3115 telis
625 3057 746 3115 obrutus
771 3057 898 3129 cecidit3
929 3076 1018 3132 quem
1046 3076 1115 3114 cum

162 3165 263 3224 medii
293 3167 323 3223 in
355 3172 454 3241 pigne
483 3165 637 3224 sedentem
667 3164 698 3220 in
727 3169 797 3221 saxi)
827 3164 978 3239 opplitum
1010 3170 1114 3222 crudre

163 3273 366 3348 cdnspexisset
387 3272 506 3347 quidam
529 3271 660 3330 tribirnus
682 3270 815 3344 militum,
848 3271 990 3344 “Cape‚’'
1009 3272 1113 3346 inquit,

163 3379 269 3436 “hunc
293 3398 401 3453 equum
427 3387 457 3435 et
482 3379 558 3453 suge,
582 3377 696 3434 Aemili.
741 3378 837 3434 Etiam
861 3377 923 3434 sine
947 3383 997 3434 tui
1019 3387 1114 3434 morte

162 3483 346 3544 lacrimarum
371 3484 440 3545 satis
461 3483 614 3556 lictirsque
640 3483 712 3538 est.'’
755 3480 803 3538 Ad
828 3500 864 3538 ea
891 3483 1011 3539 cdnsul:
1041 3483 1115 3553 “Tri
1135 3516 1161 3562 ²3
