2742 3975
509 287 648 351 Servius
676 286 807 350 Tullius
1092 306 1128 367 13

177 514 281 587 Itaque
297 513 468 569 Latindrum
482 510 598 585 populis
613 510 712 581 suasit,
727 519 759 567 ut
774 519 804 567 et
818 510 875 585 ipsi
889 510 992 567 fanum
1014 510 1129 569 Dianae

175 636 243 675 cum
259 617 370 692 populu
386 618 523 674 Reman&
539 617 654 673 Rumae
669 616 700 672 in
714 617 860 673 Aventini)
875 626 976 673 monte
991 616 1127 674 aedifica-

175 733 249 782 rent.
292 723 361 796 Qud
376 722 454 780 factu
470 722 524 780 bus
540 728 629 779 mirae
652 720 862 795 magnitr'rdinis
884 720 1002 779 cuidam
1023 723 1128 781 Latine

175 836 245 887 nata
258 828 374 899 dicitur,
394 838 424 885 et
443 832 615 901 respunsum
636 828 751 885 somnii)
771 826 883 899 datum,
898 845 967 885 eum
986 828 1129 903 populum

176 954 321 993 summam
349 934 464 1008 imperii
491 934 668 1005 habitirrum,
697 934 780 991 citius
808 933 879 991 civis
907 933 1015 992 bovem
1048 934 1129 992 illam
1164 960 1175 1008 ς

176 1042 291 1099 Dianae
311 1040 502 1097 immolasset.
544 1025 664 1097 Latinus
686 1040 794 1098 bovem
816 1039 856 1098 ad
884 1039 985 1097 sanum
1014 1041 1128 1098 Dianae

176 1148 236 1222 egit
250 1157 280 1205 et
294 1164 412 1204 causam
427 1145 574 1203 sacerdciti
589 1146 727 1203 Remini)
742 1145 888 1220 exposuit.
930 1146 984 1203 Ille
1005 1145 1129 1205 callidus

176 1253 258 1324 dixit,
286 1252 367 1327 prius
396 1269 464 1309 eum
486 1256 552 1309 vivu
581 1251 700 1309 flumine
729 1256 833 1309 mamis
860 1252 979 1310 abluere
1007 1250 1128 1311 dEbere.

177 1361 296 1417 Latinus
324 1359 396 1417 dum
424 1357 463 1415 ad
492 1357 624 1415 Tiberim
655 1357 821 1429 descendit,
849 1356 988 1415 sacerdus
1020 1358 1128 1417 bovem

176 1467 346 1525 immolavit
396 1467 444 1525 Ita
470 1464 627 1539 imperium
655 1464 767 1524 civibus
791 1464 905 1539 sibique
928 1464 1052 1539 gluriam
1075 1465 1127 1524 ad·
1150 1492 1177 1523 ιο
1233 1537 1236 1543 .

176 1574 300 1649 quisivit.

217 1682 330 1739 Servius
347 1681 459 1739 Tullius
477 1680 570 1739 filiam
590 1682 712 1739 alteram
734 1681 875 1753 fenicem,
890 1686 992 1738 mitem
1006 1680 1128 1739 alteram

176 1788 298 1861 habens,
310 1808 378 1847 cum
391 1789 543 1863 Tarquinii
558 1788 635 1847 silicis
648 1794 713 1864 pari
727 1806 790 1847 esse
805 1788 904 1845 anime
918 1787 1040 1857 videret,
1052 1787 1127 1845 fern-

176 1913 243 1953 cem
265 1902 335 1967 mitI,
358 1902 459 1953 mitem
481 1896 572 1953 ferrici
593 1896 623 1953 in
648 1895 867 1953 matrimdnium
893 1894 986 1967 dedit,
1007 1899 1046 1952 ne
1066 1893 1127 1952 duo

175 2001 304 2061 violenta
317 2003 436 2078 ingenia
450 2003 636 2060 matrimdnid
651 2003 848 2078 iungerentur.
891 2001 949 2061 Sed
972 2007 1057 2060 mites
1075 2019 1126 2060 seu
1150 2023 1174 2071 15

176 2108 252 2167 sorte
277 2127 329 2168 seu
354 2109 456 2167 fraude
481 2109 630 2184 perierunt
641 2129 649 2181 3
682 2109 796 2167 ferbces
824 2113 940 2165 merum
967 2107 1128 2166 similitude

175 2215 336 2274 coniunxit.
378 2215 483 2275 Statim
501 2215 676 2289 Tarquinius
691 2219 709 2272 a
722 2214 818 2271 Tullia
830 2215 968 2271 incitatus
981 2214 1127 2272 advocati)

175 2326 279 2379 senitri
292 2326 415 2396 regnum
430 2331 585 2396 paternum
600 2331 735 2394 repetere
751 2321 859 2394 coepit.
902 2320 970 2394 Quai
983 2324 1014 2378 re
1028 2319 1128 2378 audita

175 2427 289 2485 Servius
314 2428 387 2486 dum
411 2425 450 2484 ad
474 2427 586 2486 critiam
611 2425 775 2498 contendit,
797 2427 875 2484 iussu
899 2425 1051 2500 Tarquinii
1074 2443 1128 2501 per

174 2532 281 2607 gradus
296 2533 429 2590 deiectus
444 2542 474 2590 et
488 2531 611 2591 domum
626 2532 773 2606 refugiens
787 2532 956 2589 interfectus
971 2542 1023 2589 est
1060 2531 1127 2589 Tul·
1147 2555 1176 2586 20

174 2637 212 2694 lia
239 2643 382 2712 carpenti>
404 2647 491 2696 vecta
509 2637 540 2694 in
554 2637 662 2696 Forum
687 2637 855 2713 properavit
876 2647 907 2695 et
929 2637 1087 2713 coniugem
1110 2642 1127 2694 e

174 2744 254 2802 critiri
268 2748 421 2802 {vocatum
441 2749 536 2819 prima
556 2748 657 2819 regem
679 2743 814 2802 salutavit
825 2764 833 2815 ;
856 2743 938 2801 cirins
959 2744 1037 2802 iussit
1057 2762 1126 2801 cum

174 2854 191 2907 e
214 2851 300 2909 turba
321 2868 356 2907 ac
379 2851 505 2908 tumultu
528 2849 704 2908 decessisset
724 2848 907 2923 domumque
930 2849 1048 2921 rediret,
1064 2855 1126 2908 visd

174 2955 263 3029 patris
278 2973 403 3030 corpore
419 2974 487 3014 eum
501 2961 552 3030 qui
566 2959 657 3030 eques
672 2955 779 3030 agEbat
793 2964 984 3012 cunctantem
1001 2964 1031 3013 et
1045 2955 1127 3014 frena

174 3060 356 3120 inhibentem
378 3079 466 3136 super
485 3061 582 3136 ipsum
603 3079 710 3135 corpus
731 3071 905 3135 carpentum
927 3079 1014 3136 agere
1034 3061 1124 3119 iussit.
1147 3084 1173 3132 ²5

173 3165 263 3225 Unde
291 3173 371 3225 vicus
399 3167 446 3224 iile
474 3167 631 3224 sceleratus
656 3165 752 3224 dictus
777 3176 831 3224 est.
876 3166 991 3225 Servius
1014 3167 1126 3225 Tullius

173 3273 305 3347 regnavit
326 3277 418 3330 annds
439 3281 577 3346 quattuor
598 3281 628 3329 et
649 3271 851 3346 quadraginti„
