2742 3975
500 284 605 347 Gaius
627 284 737 346 Iulius
762 283 884 347 Caesar
1124 300 1162 364 75

214 507 339 581 amplius
365 506 441 577 viris,
471 505 574 563 Cassio
607 514 639 563 et
671 506 763 562 Brutti
791 503 925 577 ducibus,
952 504 1165 581 decretumque

214 629 282 671 eum
301 598 407 669 idibus
430 610 542 669 Mirtiis
564 610 594 667 in
616 615 719 668 senatu
741 606 913 668 confodere.

254 718 382 776 Phirima
406 717 516 775 indicia
540 718 627 776 futuri
650 719 771 793 periculi
791 719 959 777 obtulerant
981 717 1022 775 dii
1045 718 1163 775 immor·

153 867 156 872 -
213 824 293 881 tales
335 825 419 882 Uxor
445 824 613 898 Calpurnia,
629 824 729 882 territa
753 829 899 883 nocturno
920 829 992 896 visu,
1006 833 1039 881 ut
1060 817 1164 882 idibus

214 930 326 987 Martiis
351 928 434 986 domi
460 929 630 988 subsisteret
655 930 766 1001 oribat,
793 941 822 989 et
847 931 992 1005 Spurinna
1019 930 1165 1004 haruspex
1200 950 1209 996 5

212 1034 397 1109 praedixerat
421 1045 453 1093 ut
481 1035 631 1109 proximos
654 1034 718 1093 dies
741 1036 858 1111 triginti
879 1036 962 1110 quasi
985 1036 1090 1093 fatales
1115 1054 1163 1092 ca-

211 1144 301 1212 veret,
323 1145 448 1215 qubmm
473 1141 592 1198 ultimus
618 1150 679 1199 erat
704 1134 778 1199 idus
802 1116 937 1199 Mirtiae.
980 1142 1051 1198 Hbc
1076 1141 1164 1215 igitur

171 1250 176 1260 ’
212 1246 261 1305 die
294 1247 403 1305 Caesar
431 1246 602 1321 Spininnae,
635 1246 782 1321 “Ecquid
817 1249 901 1319 scis,”
930 1247 1034 1321 inquit,
1063 1250 1081 1277 ‘⁴
1090 1240 1163 1304 Idus

213 1331 333 1411 Martiis
347 1352 405 1409 ianr
420 1352 556 1410 venisse?
568 1354 583 1379 ”
610 1361 640 1409 et
653 1331 694 1423 is,
703 1356 721 1383 “
734 1352 851 1427 Ecquid
866 1358 931 1424 scis,
947 1353 1009 1410 illis
1030 1352 1162 1410 nondum

212 1461 432 1532 praeterisse?”
475 1461 572 1534 Atque
600 1478 668 1517 curn
698 1460 807 1517 Caesar
834 1463 872 1516 eo
899 1458 949 1516 die
974 1459 1004 1515 in
1028 1464 1161 1516 senatum
1186 1487 1212 1518 ιο

211 1565 348 1637 venisset,
369 1563 555 1623 adsidentem
580 1566 725 1623 conitiraiti
750 1565 850 1640 specie
875 1564 965 1622 officii
993 1564 1161 1622 circumste-

212 1675 309 1729 terunt
335 1671 462 1745 ilicoque
492 1675 576 1742 rinuS,
601 1671 684 1745 quasi
715 1669 825 1745 aliquid
858 1675 1019 1745 rogaturus,
1042 1670 1163 1744 propius

212 1777 336 1835 accessit
364 1782 556 1851 renuentique
584 1777 621 1835 ab
649 1781 774 1851 utroque
801 1781 905 1835 umero
930 1786 1029 1851 togam
1057 1794 1163 1851 appre-

212 1881 324 1940 hendit.
378 1881 496 1941 Deinde
531 1883 718 1955 clamantem,
747 1884 837 1941 “Ista
867 1881 988 1958 quidem
1015 1888 1057 1939 vis
1089 1884 1162 1954 est,''

212 1990 316 2061 Casca,
344 1994 419 2047 rinus
453 1994 470 2048 e
505 1991 672 2062 coniuratis,
700 1989 856 2048 adversum
883 1990 1016 2047 vulnerat
1043 1991 1210 2065 paulum15

210 2096 285 2155 iniri
304 2096 444 2170 iugulum.
486 2096 596 2155 Caesar
614 2096 728 2155 Cascae
749 2096 902 2154 brachium
923 2095 1080 2170 adreptum
1099 2113 1161 2170 gra·

211 2202 283 2277 phio
308 2203 421 2261 traiecit
442 2206 624 2277 crinitusque
648 2203 780 2278 prosilire
805 2203 863 2261 alio
886 2203 1006 2260 vulnere
1032 2201 1162 2260 tardatus

212 2320 265 2367 est.
308 2309 387 2366 Dein
413 2318 446 2366 ut
473 2307 687 2380 animadvertit,
709 2308 840 2383 undique
869 2314 901 2367 se
929 2309 1035 2366 strictis
1059 2309 1161 2384 pirgii)-

212 2415 298 2473 nibus
322 2421 392 2489 peti,
408 2420 478 2489 toga
505 2424 594 2490 caput
622 2415 753 2473 obvolvit
780 2425 811 2472 et
838 2415 879 2472 ita
900 2415 990 2473 tribus
1012 2424 1042 2472 et
1061 2414 1163 2489 viginti

211 2521 303 2596 plagis
325 2521 477 2579 confossus
500 2531 551 2579 est.
596 2522 672 2580 Cum
696 2523 830 2578 Marcum
852 2523 984 2591 Brutum,
999 2539 1087 2594 quem
1110 2520 1164 2577 mir
1184 2548 1211 2579 ιε

211 2627 279 2685 loco
303 2628 440 2698 habibat,
462 2626 493 2684 in
520 2631 551 2685 se
579 2627 746 2685 intuentem
769 2626 900 2698 vidisset,
922 2627 1028 2684 dixisse
1053 2627 1161 2685 fertur:

212 2735 284 2790 “Tri
306 2751 434 2808 quoque,
457 2739 497 2790 mi
519 2733 563 2790 tili
576 2735 609 2790 !”

252 2839 330 2897 Illud
358 2840 434 2897 inter
462 2844 565 2897 omnes
593 2839 654 2896 sere
685 2838 826 2910 constitit,
855 2839 945 2897 trilem
979 2845 1007 2896 ei
1036 2850 1162 2897 mortem

212 2963 306 3019 paene
332 2963 369 3002 ex
397 2945 542 3003 sententia
565 2944 716 3020 obtigisse.
759 2945 838 3001 Nam
863 2954 894 3002 et
917 2944 1069 3019 quondam
1095 2963 1162 3002 cum

225 3196 247 3242 5,
262 3185 388 3242 haruspex,
400 3187 535 3242 sootlaesayer.
715 3199 748 3242 17.
763 3187 879 3243 prosibre,
889 3191 912 3230 lo
922 3186 1095 3244 leapfhrroard.

213 3272 246 3316 13.
262 3261 377 3313 renuenti,
390 3261 512 3317 refusing,·
530 3262 662 3318 apprehen·
715 3263 748 3306 18.
763 3262 917 3318 pugionibus,
928 3261 1037 3318 daggers.

293 3334 335 3388 dit,
347 3335 428 3378 selred.
714 3350 748 3391 24.
764 3349 792 3379 ex
808 3336 932 3391 sententia,
948 3336 1075 3391 according
1088 3341 1111 3378 to
1126 3335 1163 3378 ln's

213 3409 246 3453 16.
260 3407 422 3462 intrahebat,-
437 3411 662 3465 arreptum,seized,·
797 3411 872 3454 desire
879 3427 888 3461 ,·
904 3410 1024 3466 obtigisse,
1043 3409 1093 3453 had
1108 3411 1163 3465 hap»

293 3483 401 3539 graphio,
409 3484 486 3538 stylus,
495 3484 663 3541 write'ng-style.
793 3486 875 3541 paud,
887 3485 937 3529 had
945 3484 1052 3542 besallen.
