2742 3975
397 318 520 385 Caesar
543 319 745 384 Octavianus
767 318 940 405 Augustus
1101 326 1140 402 85
1166 358 1168 361 ·

192 543 349 601 Caesarem
377 540 579 617 heredemque
604 547 636 600 se
661 542 817 618 comperit,
843 543 873 600 in
901 544 1004 602 urbem
1032 562 1142 620 regres-

190 667 238 706 sus
265 648 461 707 hereditetem
485 648 566 716 adiit,
592 654 703 707 nemen
722 649 857 708 Caesaris
881 650 1006 724 siimpsit
1024 652 1141 709 conlec-

190 760 282 829 teque
303 760 509 813 veterenerum
534 755 665 814 exercitii
690 773 780 830 opem
802 755 930 814 Decime
954 758 1045 815 Brute
1067 757 1141 829 tulit,

190 867 241 935 qui
275 861 313 918 ab
347 862 477 919 Antenie
513 862 646 920 Mutinae
680 861 881 920 obsidebaitur.
932 862 1008 920 Cum
1042 872 1142 920 autem

189 966 269 1025 urbis
290 965 372 1025 aditu
394 968 605 1042 prohiberetur,
627 977 659 1025 ut
684 970 806 1025 Brirtum
831 967 871 1026 de
895 969 1031 1027 omnibus
1055 969 1142 1028 rebus
1165 988 1176 1037 5

190 1072 346 1130 certierem
375 1073 492 1145 faceret,
514 1079 611 1149 prime
639 1074 749 1131 litteres
777 1074 856 1132 misit
883 1074 1028 1149 plumbeis
1060 1076 1142 1133 lemi-

190 1185 234 1237 nis
263 1184 426 1255 inscriptas,
454 1185 528 1254 ques
559 1179 597 1237 ad
628 1180 780 1238 brechium
813 1161 947 1255 religetes
982 1186 1142 1239 urinetores

190 1286 378 1345 Scultennam
412 1304 531 1344 amnem
564 1291 711 1344 trenantes
742 1285 781 1344 ad
809 1288 930 1345 Bnitum
959 1288 1141 1347 deserebant.

191 1393 271 1467 Quin
295 1404 325 1452 et
349 1393 450 1452 avibus
478 1392 662 1451 intemirntiis
688 1393 832 1450 sitebetur.
874 1393 1026 1453 Columbis
1052 1394 1141 1466 enirn,

189 1506 262 1575 ques
286 1500 411 1558 incliises
435 1509 504 1557 ante
530 1500 607 1557 same
633 1499 783 1571 affecerat,
808 1499 946 1574 epistulas
970 1499 1010 1557 ad
1032 1500 1141 1558 collum
1165 1527 1189 1557 ιο

190 1607 330 1681 religebat
354 1612 462 1680 eisque
490 1612 508 1663 e
535 1605 670 1681 proxime
700 1605 854 1664 moenibus
882 1606 949 1664 loce
977 1607 1140 1665 emittebat.

190 1713 271 1785 Illae,
300 1713 372 1770 lircis
400 1712 518 1786 cibique
546 1710 661 1783 avidae,
690 1711 831 1770 altissima
858 1710 1061 1770 aedificierum
1088 1731 1140 1789 pe-

189 1824 285 1877 tentes
314 1818 537 1893 excipiebantur
563 1823 582 1875 Ta
609 1816 738 1875 Decime
767 1820 857 1876 Brirte
868 1839 877 1891 ;
906 1825 957 1893 qui
984 1824 1021 1877 ee
1049 1818 1141 1877 mode

190 1924 228 1983 de
252 1924 389 1983 omnibus
412 1924 499 1982 rebus
523 1923 632 1981 certior
655 1916 879 2000 liebat‚'utique
902 1935 1060 2001 postquam
1083 1924 1140 1983 dis-

189 2032 288 2106 posite
315 2030 492 2106 quibusdam
520 2031 592 2088 locis
619 2031 689 2090 cibe
720 2032 871 2092 columbes
904 2032 972 2092 illirc
1003 2031 1188 2103 devolere15

187 2139 358 2196 instituerat.

229 2244 343 2302 Bellum
374 2243 542 2310 Mutinense
571 2243 750 2302 Octaivienus
778 2243 894 2304 duebus
921 2244 1040 2320 proeliis
1068 2250 1139 2303 cen-

188 2350 283 2424 secit3
305 2355 431 2425 querum
459 2351 490 2408 in
519 2350 612 2407 altero
639 2355 699 2408 nen
728 2349 812 2409 ducis
837 2350 939 2423 modo,
961 2351 1012 2409 sed
1044 2351 1140 2409 militis

188 2457 278 2515 etiam
303 2457 425 2514 {rinctus
450 2466 495 2514 est
519 2455 619 2514 officie
643 2465 733 2530 atque
758 2456 789 2513 in
817 2455 916 2514 media
940 2457 1140 2529 dimicetiene‚

188 2563 340 2637 aquiliferi>
366 2562 489 2638 legienis
510 2579 581 2620 suae
601 2561 727 2636 graviter
748 2562 858 2634 saucio,
882 2563 1011 2637 aquilam
1033 2569 1139 2621 umeris
1161 2593 1189 2624 20

188 2669 298 2728 subisse
321 2669 431 2743 dirique
453 2669 543 2726 fertur
563 2672 706 2742 portesse.
749 2669 855 2726 Postee
868 2669 1057 2726 reconcilieta
1071 2687 1139 2726 cum

187 2776 318 2834 Antenie
339 2777 431 2851 gratie
451 2775 615 2848 irinctisque
634 2792 703 2830 cum
727 2778 763 2830 ee
785 2775 887 2849 copiis,
903 2784 935 2832 ut
957 2776 1013 2833 Ga
1032 2776 1139 2834 Caesa·

187 2883 225 2940 ris
259 2900 367 2940 necem
400 2882 599 2952 ulcisceretur,
627 2877 666 2936 ad
701 2879 804 2938 urbem
839 2879 982 2938 hostiliter
1016 2881 1140 2940 accessit

188 2987 334 3063 misitque,
357 2994 407 3062 qui
433 2987 554 3044 nemine
582 2985 727 3044 exercitus
748 2986 803 3044 sibi
824 2988 1008 3044 censuletum
1032 2987 1139 3063 depos·

187 3104 296 3152 cerent
348 3095 515 3153 Cunctante
536 3096 647 3163 semite,
670 3092 805 3150 centurie
826 3098 963 3168 princeps
987 3094 1140 3168 legetienis
1161 3131 1187 3179 ²5

185 3299 208 3344 6.
223 3298 343 3355 plumbeIs
368 3297 470 3351 leminis,
497 3296 579 3339 leaden
688 3309 710 3350 9.
726 3295 850 3349 columbis,
862 3297 937 3342 doves.

265 3373 349 3428 plotas.
691 3383 725 3418 10.
740 3371 810 3426 lame,
821 3372 917 3428 hunger.

185 3461 208 3503 7.
222 3447 357 3500 brecbium,
390 3459 460 3496 arm:
498 3444 637 3498 sirineteres,
691 3459 724 3502 14.
741 3446 829 3502 utique,
840 3445 967 3502 especially.

268 3521 354 3566 divers.
689 3534 726 3566 πο,
742 3521 830 3572 saucie,
842 3520 960 3564 wounded.
