2742 3975
405 327 542 390 Marcus
564 325 694 389 Atilius
717 324 867 407 Regulus
1092 335 1130 402 25

179 550 341 627 periculum
361 553 458 607 astuto
475 552 616 622 responso
638 546 751 604 avertit.
793 546 894 603 “Hoc
913 545 1013 615 vero,’'
1028 543 1133 617 inquit,

180 661 232 714 “si
246 656 384 727 feceritis,
398 654 490 712 nisus
506 654 585 711 eritis
600 636 676 711 ifrrs
696 652 861 709 meirsresr’
903 650 1014 710 censui
1035 655 1134 707 racem

179 762 261 820 iussit
286 767 346 832 eos,
368 766 419 835 qui
442 766 495 835 pair
518 765 582 835 pari
604 758 705 816 referri
728 757 875 828 volebant,
898 766 928 815 et
956 756 1134 815 conveniens

179 868 313 943 gravitati
330 865 493 924 'Rominae
523 868 696 939 responsum
725 862 827 921 dedit:
864 864 957 921 “Isto
985 867 1015 920 te
1043 868 1134 934 metir,

182 975 303 1044 Hanno,
324 972 399 1030 fides
423 974 560 1030 Romana
588 970 719 1029 liberat.'’
763 970 810 1027 De
838 974 922 1043 pice,
944 969 1013 1043 quia
1036 986 1134 1044 neque
1158 988 1169 1035 5

181 1080 297 1137 Poenus
321 1078 397 1135 serio
423 1077 529 1152 agEbat
554 1086 584 1134 et
608 1076 712 1134 consul
735 1075 888 1133 victoriam
911 1092 1001 1149 quam
1028 1080 1135 1150 pacem

180 1185 318 1255 malebat,
335 1186 401 1241 'non
422 1182 570 1241 convenit.

222 1289 352 1365 Regulus
367 1288 477 1347 deinde
492 1288 522 1345 in
537 1274 666 1345 diricam
680 1293 792 1362 primus
806 1288 1010 1344 Romanorum
1025 1286 1135 1345 ducum

183 1390 306 1454 traiecit.
350 1396 493 1470 Clypeam
504 1394 606 1453 urbem
622 1403 653 1451 et
667 1403 801 1450 trecenta
814 1393 934 1451 castella
948 1394 1134 1468 expugnaiviq

182 1520 280 1577 neque
299 1520 367 1559 cum
388 1500 557 1558 hominibus
578 1509 702 1570 tantum,
723 1497 777 1556 sed
799 1499 889 1555 etiam
910 1516 979 1557 cum
1000 1504 1136 1556 monstris
1159 1526 1185 1557 ιο

182 1607 341 1666 dimicavit.
383 1607 462 1664 Nam
477 1624 545 1663 cum
560 1604 599 1662 ad
614 1604 723 1663 flumen
744 1604 909 1679 Bagradam
930 1614 1026 1662 castra
1045 1605 1135 1663 habe-

182 1723 235 1785 ret,
265 1712 368 1789 anguis
396 1716 469 1769 mira
498 1710 703 1786 magnitudine
721 1692 899 1768 'exercitum
934 1712 1137 1768 Romanorum

182 1819 308 1877 vexabat
318 1839 327 1890 ;
362 1817 469 1875 multos
498 1817 604 1874 milites
631 1816 743 1891 ingenti
770 1821 822 1875 ore
849 1816 1010 1891 corripuit3
1040 1818 1137 1891 plures

184 1924 297 1982 caudae
318 1923 440 1982 verbere
461 1923 536 1981 elisit
547 1943 555 1997 3
580 1923 737 1980 nonnullos
761 1922 826 1998 ipso
847 1923 1010 1998 pestilentis
1030 1922 1137 1981 halitus

184 2030 294 2089 adflatu
322 2029 507 2088 exanimavit.
563 2030 670 2103 Neque
700 2029 723 2087 is
751 2029 878 2087 telorum
906 2030 966 2088 ictu
996 2030 1138 2105 perforari
1159 2057 1184 2105 15

183 2145 310 2213 poterat,
332 2134 487 2196 durissima
514 2141 701 2210 squamarum
729 2134 818 2192 lorica
845 2136 945 2193 omnia
968 2136 1027 2194 tela
1051 2136 1136 2194 facile

183 2242 355 2318 repellente.
397 2241 638 2316 Confugiendum
653 2241 707 2298 suit
720 2241 759 2298 ad
777 2241 925 2299 machinas
947 2240 1136 2317 advectisque

184 2349 304 2408 ballistis
320 2357 350 2406 et
364 2347 527 2422 catapultis,
541 2347 621 2404 velut
636 2364 687 2404 arx
701 2345 849 2421 quaedam
871 2351 990 2419 munita,
1006 2347 1136 2406 deicien-

185 2453 240 2512 dus
264 2454 356 2512 hostis
384 2454 446 2511 fuit.
489 2452 626 2510 Tandem
654 2457 791 2510 saxorum
819 2451 952 2527 pondere
980 2471 1137 2528 oppressus

184 2560 282 2632 iacuit,
304 2559 357 2618 sed
380 2564 482 2618 cruore
508 2562 560 2616 suo
582 2558 692 2616 flumen
713 2559 904 2633 corporisque
925 2560 1064 2634 pestifero
1086 2561 1136 2619 ad·
1158 2589 1186 2620 20

184 2666 255 2724 flatu
268 2672 363 2724 vicina
377 2663 560 2724 loca'infe‘cit
581 2665 793 2737 Romanosque
815 2673 910 2721 castra
926 2664 997 2722 inde
1018 2667 1136 2724 submo-

183 2777 253 2831 vere
278 2771 385 2847 coegit.
428 2770 549 2829 Corium
575 2770 689 2840 bEIuae,
715 2779 834 2827 centum
860 2779 890 2827 et
917 2770 1018 2845 viginti
1044 2771 1138 2846 pedes

183 2878 314 2953 longum,
337 2879 466 2936 Romam
489 2876 566 2934 misit
587 2874 727 2950 Regulus.

227 2983 308 3040 Huic
329 2983 370 3041 ob
391 2987 437 3041 res
458 2982 535 3040 bene
557 2986 652 3056 gestis
674 2979 832 3054 imperium
854 2979 885 3036 in
906 2998 1015 3038 aunum
1041 2982 1137 3056 proxi-

185 3106 267 3146 mum
295 3093 484 3163 prorogaitum
513 3096 566 3144 est.
623 3086 714 3160 Quod
748 3085 799 3144 ubi
830 3087 970 3161 cognovit
998 3088 1138 3163 Regulus,
1159 3113 1186 3161 25

185 3193 302 3269 scripsit
327 3199 447 3264 senatui,
473 3193 590 3250 vilicum
616 3210 700 3249 suum
726 3192 756 3248 in
781 3190 884 3266 agello,
908 3210 998 3266 quem
1023 3203 1138 3268 septem

184 3301 319 3376 iugerum
340 3299 477 3369 habribat,
499 3309 648 3356 mortuum
669 3315 733 3356 esse
755 3307 785 3355 et
809 3316 925 3356 servum
951 3299 1139 3358 occasionem

185 3416 305 3464 nactum
334 3405 480 3480 aufugisse
510 3405 607 3463 ablato
637 3408 832 3462 instrumento
864 3405 982 3476 rustico,
1011 3404 1140 3481 ideoque
1205 3426 1207 3430 ’

186 3523 288 3587 petere
312 3515 352 3582 se,
374 3521 407 3569 ut
431 3511 486 3568 sibi
512 3529 664 3568 successor
688 3510 718 3567 in
739 3493 869 3568 africam
892 3511 1065 3582 mitteretur,
1091 3517 1139 3582 ne,
