2742 3975
407 286 538 349 Gnaeus
560 287 738 370 Pompeius
759 289 907 371 Magnus
1088 296 1130 369 63

180 513 254 565 renti
276 507 400 583 conlaga
421 507 516 580 datuS,
533 508 692 583 Pompaius
711 509 850 567 adversus
871 510 1031 568 Sertarium
1051 510 1133 569 varia

180 618 287 672 'eventii
317 614 476 671 dimicavit.
530 615 693 671 Maximum
725 615 766 674 ibi
796 615 826 672 in
861 616 983 690 proelia·
1001 616 1133 691 quadam

180 718 342 793 periculum
365 719 453 778 subiit
463 739 472 791 ;
497 738 567 777 cum
591 720 670 777 enim
694 721 739 777 vir
762 726 843 779 vasta
864 722 996 796 corporis
1021 722 1133 797 magni-

179 824 282 883 tadine
303 825 449 899 impetum
470 825 500 882 in
522 843 590 883 eum
611 826 743 897 fecisset,
759 827 917 901 Pompeius
934 846 1054 885 manum
1070 846 1132 885 am-

180 931 311 1005 putavit,
341 930 395 989 sed
423 931 519 989 multis
547 932 578 988 in
605 950 674 990 eum
702 934 945 1007 concurrentibus
972 934 1075 992 vulnus
1102 934 1133 991 in
1167 959 1179 1007 5

180 1037 293 1095 femore
313 1036 431 1111 accepit
452 1046 482 1095 et
503 1043 520 1095 a
540 1043 598 1095 suis
615 1038 794 1114 fugientibus
811 1038 944 1097 desertus
958 1039 989 1096 in
1003 1039 1131 1098 hostium

179 1148 326 1218 potestate
346 1153 417 1200 erat.
458 1145 499 1201 At
522 1153 639 1218 praeter
664 1162 749 1219 spem
774 1146 864 1203 evasit
875 1166 883 1217 ;
912 1146 1029 1203 barbari
1053 1146 1133 1203 enim

180 1266 289 1323 equum
314 1248 376 1306 eius
401 1253 472 1307 aura
499 1250 684 1325 phalerisque
710 1251 822 1308 eximiis
845 1255 1018 1309 instractum
1043 1255 1131 1326 cape-

179 1364 254 1412 rant.
297 1356 377 1411 Dum
403 1355 489 1430 igitur
513 1354 656 1430 praedam
681 1356 757 1414 inter
781 1361 813 1414 sa
840 1357 1015 1415 altercantes
1044 1356 1131 1432 parti-

179 1470 276 1533 untur,
298 1461 457 1535 Pompaius
483 1467 586 1520 earum
611 1467 714 1521 manas
740 1462 852 1538 effagit.
894 1463 994 1521 Altera
1019 1463 1132 1537 proelia
1154 1496 1181 1527 10

180 1586 249 1625 cum
278 1567 416 1626 Metellus
442 1569 586 1643 Pompeia
610 1568 755 1627 labaranti
779 1569 885 1627 auxilia
910 1570 1046 1641 vanisset,
1068 1571 1131 1628 Ser-

179 1674 270 1733 tarius
295 1674 436 1733 recedere
461 1681 581 1733 coactus
607 1674 714 1733 dixisse
737 1675 844 1733 fertur:
875 1676 968 1733 “Nisi
990 1694 1062 1733 anus
1084 1675 1133 1732 illa

179 1782 404 1856 supervenisset,
426 1800 483 1858 ego
503 1783 582 1842 hunc
610 1800 735 1858 puerum
762 1782 931 1840 verberibus
959 1788 1131 1857 castigatum

180 1890 308 1946 Ramam
330 1888 539 1947 dimisissem.”
581 1889 736 1947 Metellum
758 1906 846 1945 anum
868 1889 1045 1963 appellabat,
1063 1889 1132 1963 quia

179 1996 212 2067 is,
227 1995 286 2052 iam
301 2014 401 2067 senex,
417 1996 455 2053 ad
477 1995 596 2054 mollem
619 2005 649 2054 et
670 1996 871 2054 effeminatam
892 2003 981 2053 vitam
1003 1995 1131 2054 deflere·
1154 2018 1178 2066 ις

179 2112 232 2160 rat.
274 2102 402 2161 Sertaria
424 2103 579 2160 interfecta
602 2103 760 2177 Pompeius
783 2103 959 2177 Hispaniam
980 2102 1101 2177 recapit.

220 2209 296 2267 Cum
315 2215 425 2284 piratae
441 2208 488 2266 illa
507 2215 683 2283 tempestate
700 2209 790 2266 maria
804 2210 905 2267 omnia
918 2208 1088 2267 infestarent
1103 2217 1132 2266 et

179 2314 322 2389 quasdam
343 2316 433 2373 etiam
456 2315 558 2373 Italiae
580 2316 667 2373 urbas
689 2314 884 2390 diripuissent,
899 2314 938 2373 ad
959 2321 1011 2373 eas
1031 2315 1130 2390 oppri-

179 2421 304 2512 mendas
326 2440 401 2483 ,cum
430 2421 555 2496 imperia
584 2421 814 2480 extraardinaria
843 2426 947 2479 missus
975 2431 1020 2479 est
1044 2423 1130 2479 Pom-

178 2527 271 2603 paius.
323 2528 441 2585 Nimiae
469 2528 523 2584 viri
553 2527 704 2601 potentiae
736 2527 918 2586 obsiste‘bant
945 2528 1066 2602 quidani
1094 2545 1131 2584 ex
1152 2555 1180 2587 ιο

179 2739 318 2796 cantiane
347 2739 476 2811 dixisset,
498 2757 563 2797 esse
592 2739 713 2814 quidem
742 2741 923 2814 praeclarum
953 2740 1045 2797 virum
1073 2740 1129 2797 Cn.

179 2846 364 2919 Pompeium,
380 2845 433 2904 sed
456 2851 516 2904 nan
539 2863 603 2904 esse
627 2851 676 2903 ani
698 2846 799 2902 omnia
823 2845 988 2917 tribuenda,
1006 2844 1129 2904 adiacis·

178 2959 290 3024 setque,
328 2950 481 3026 “Siquid
506 2951 574 3008 huic
598 2951 749 3022 acciderit,
774 2969 864 3025 quem
888 2952 918 3008 in
943 2952 1005 3009 aius
1031 2952 1130 3010 locum

178 3056 408 3114 substituatis?''
444 3063 560 3115 summa
595 3062 740 3115 cansansri
775 3058 962 3115 succlamavit
997 3058 1130 3115 aniversa
1151 3091 1177 3138 25

177 3162 297 3219 cantia:
322 3164 403 3233 “Ta,
426 3163 536 3236 Quinte
558 3163 692 3222 Catule.'’
734 3165 809 3220 Tam
834 3163 998 3221 honarificd
1023 3164 1130 3220 civium

192 3420 213 3463 8.
229 3418 340 3474 phaleris,
351 3420 478 3476 trappings.
768 3432 801 3476 15·
818 3419 922 3471 mollem,
933 3421 985 3476 sose,
997 3419 1114 3474 unnmnly.

179 3505 212 3536 11.
230 3493 354 3548 labdranti,
366 3496 390 3536 in
402 3495 504 3538 distress.
665 3543 669 3551 ,
766 3507 801 3538 ao.
816 3493 912 3546 nimiae,
922 3495 1044 3538 excessivc.
