2742 3975
510 287 624 349 Numa
646 288 835 370 Pompilius

260 570 327 625 111.
356 568 476 623 Numa
503 569 715 635 Pompilius,
742 570 990 625 Remanerum
1017 574 1083 625 rem

577 655 764 710 secundus.

579 800 693 858 715-673
710 807 760 846 nc.

234 929 380 1011 Successit
400 930 531 989 Remule
553 930 652 987 Numa
674 932 844 1007 Pompilius,
858 932 903 991 vir
921 931 1023 991 inclite
1040 932 1150 991 iestitie

193 1046 224 1095 et
243 1037 394 1111 religiene.
437 1037 467 1094 Is
490 1035 625 1109 Curibus,
645 1054 682 1094 ex
706 1037 818 1112 oppide
839 1039 1022 1111 Sabinum,
1037 1045 1149 1096 accims

193 1152 247 1201 est.
289 1142 437 1215 Quicum
460 1142 588 1199 Remum
608 1143 745 1215 venisset,
767 1153 800 1201 ut
821 1144 965 1219 populum
988 1144 1082 1202 ferum
1103 1163 1148 1203 re·

191 1248 300 1323 ligieue
322 1247 477 1323 mltigeret‚
495 1264 578 1305 sacra
598 1248 725 1323 plurima
746 1249 880 1308 instituit.
921 1235 1012 1307 fliam
1040 1251 1148 1308 Vestae

192 1354 383 1425 censecrevit,
399 1363 429 1411 et
441 1360 541 1429 ignem
556 1354 586 1410 in
603 1359 653 1411 ere
673 1360 818 1429 perpetue
834 1354 975 1413 alendum
989 1356 1148 1431 virginibus
1184 1381 1195 1429 5

192 1460 286 1519 dedit.
329 1460 493 1518 Fleminem
513 1460 592 1518 Iovis
615 1460 803 1519 sacerdetem
825 1461 935 1519 crea‘tvit
956 1479 1083 1536 eumque
1103 1468 1147 1519 in-

192 1574 266 1644 signi
287 1578 368 1627 veste
392 1577 422 1627 et
444 1567 536 1626 curel]
559 1567 630 1625 selle
653 1567 817 1626 adernevit.
861 1568 977 1625 Dicitur
996 1568 1148 1643 quondam

191 1677 288 1751 ipsum
305 1678 410 1735 Iovem
424 1680 441 1733 e
455 1676 539 1733 caele
560 1675 703 1733 elicuisse.
751 1676 812 1732 Hic
834 1674 1000 1750 ingentibus
1022 1674 1147 1733 fulmini·

191 1784 245 1843 bus
266 1784 297 1841 in
316 1783 420 1843 urbem
442 1783 576 1842 demissis
597 1782 754 1841 descendit
779 1782 811 1840 in
835 1800 940 1840 nemus
960 1784 1147 1855 Aventinum,

190 1892 242 1950 ubi
261 1892 392 1950 Numam
413 1891 524 1964 docuit,
540 1892 646 1966 quibus
668 1898 756 1948 sacris
780 1890 902 1947 fulmina
922 1900 1020 1948 essent
1040 1895 1147 1965 prucfi-
1169 1911 1196 1943 ιο

191 1999 292 2072 tanda,
307 2009 337 2060 et
351 2006 505 2077 praeteree
519 2000 635 2075 imperii
648 2010 731 2058 certa
745 2005 868 2074 pignora
881 1998 994 2074 popule
1009 1999 1147 2056 Remene

191 2107 328 2166 datfirum
356 2113 388 2166 se
416 2127 480 2167 esse
508 2108 652 2183 premisit.
695 2108 795 2164 Numa
824 2106 917 2164 laetus
945 2123 1008 2163 rem
1035 2105 1146 2180 popule

190 2215 342 2273 nuntievit.
385 2215 530 2274 Postridie
544 2221 647 2274 omnes
662 2216 700 2273 ad
720 2214 809 2273 aedes
830 2213 923 2288 regies
945 2216 1147 2269 convenerunt

190 2323 368 2398 silentesque
397 2324 617 2399 e‘xspectebant,
646 2322 720 2398 quid
751 2323 880 2381 luterum
910 2329 997 2378 esset.
1048 2320 1146 2393 Atque

190 2433 251 2490 sele
273 2436 340 2489 orte
361 2429 508 2490 delebitur
532 2436 548 2489 e
573 2432 656 2489 caele
682 2435 772 2489 scisse
798 2434 923 2501 sedtum,
946 2425 1027 2502 quod
1051 2425 1145 2483 ancile
1168 2442 1193 2491 ις

190 2539 347 2614 appellevit
362 2540 470 2596 Numa.
513 2538 549 2596 Id
564 2543 603 2596 ne
614 2539 695 2596 ferte
716 2537 822 2595 auferri
841 2545 950 2612 posset,
967 2532 1145 2592 Memmium

189 2646 303 2705 fabrum
333 2646 475 2706 undecim
505 2653 588 2705 scuta
620 2647 727 2705 eedem
754 2647 852 2704 ferme
880 2643 1022 2702 fabricere
1053 2641 1145 2699 iussit.

190 2753 358 2812 Duodecim
388 2763 487 2812 autem
520 2753 612 2812 Salies
646 2754 751 2812 Mettis
787 2751 957 2812 sacerdetes
987 2749 1067 2824 legit,
1095 2755 1146 2822 qui

189 2861 302 2932 ancssia,
324 2865 437 2920 secreta
458 2860 506 2918 illa
527 2860 644 2936 imperii
669 2867 801 2935 pignora,
825 2857 1007 2917 custedirent
1032 2865 1062 2914 et
1084 2857 1144 2913 Ka-

188 2965 284 3024 lendis
303 2967 418 3025 Mertiis
438 2984 493 3042 per
512 2966 617 3025 urbem
639 2970 780 3024 canentes
803 2974 907 3023 etrite
928 2964 1067 3022 saltantes
1088 2962 1144 3019 fer·
1165 2973 1194 3004 ²⁰

189 3081 263 3130 rent.
304 3073 423 3130 Annum
451 3072 482 3130 in
509 3072 670 3132 duodecim
700 3076 817 3130 menses
845 3069 884 3129 ad
913 3087 1030 3127 cursum
1057 3068 1144 3126 lemae

190 3177 364 3253 descripsit;
390 3177 522 3237 nefestes
547 3179 699 3252 fastusque
728 3177 793 3236 dies
821 3176 913 3249 secit3
942 3181 1042 3251 portes
1070 3175 1144 3232 lene

189 3283 308 3358 gemine
333 3283 507 3366 aedificevit,
528 3293 560 3342 ut
585 3293 662 3342 esset
688 3283 779 3341 index
803 3282 886 3358 pecis
908 3291 937 3340 et
958 3282 1045 3353 belli3
1073 3298 1142 3337 nam

189 3399 317 3464 apertus,
340 3389 371 3448 in
394 3397 481 3449 armis
502 3409 564 3449 esse
588 3389 746 3461 civitetem,
771 3389 896 3460 clausus,
921 3391 1043 3463 pecetes
1065 3385 1144 3443 circe

187 3499 294 3554 omnes
308 3496 444 3572 populea
459 3495 651 3572 significebat.
