2742 3975
248 280 285 325 12
468 264 563 328 Urbis
585 264 711 327 Romae
736 263 810 326 Viri
830 260 979 325 illustres

260 537 342 593 VII.
366 538 509 594 sewius
530 540 678 604 duillius,
693 539 941 593 Romanorum
957 540 1022 590 rem
1038 539 1172 591 satus.

630 670 746 728 578-534
762 677 811 714 Μ·

283 800 354 858 Post
374 800 452 858 hunc
475 800 590 859 Servius
613 800 727 858 Tullius
752 799 882 874 suscepit
902 797 1059 873 imperium
1079 798 1196 873 genitus

243 923 281 962 ex
293 906 386 964 nobili
399 904 519 978 femina,
534 911 651 981 captiva
668 915 770 963 tamen
788 914 818 963 et
839 904 955 961 famuli.
997 903 1057 977 Qui
1077 921 1145 960 cum
1166 903 1196 960 in

242 1010 335 1069 domo
348 1012 499 1087 Tarquinii
519 1014 608 1071 Prisci
630 1011 814 1083 educareuu,
829 1010 925 1068 ferunt
945 1008 1113 1085 prodigium
1134 1013 1197 1066 visu

243 1120 408 1192 §ventrique
434 1118 564 1177 mirabile
590 1117 744 1176 accidisse.
799 1115 950 1173 Flammae
974 1115 1090 1189 species
1113 1119 1196 1188 pueri

209 1229 220 1279 5
242 1224 416 1283 dormientis
429 1233 519 1299 caput
532 1224 668 1299 amplexa
683 1232 737 1282 est.
781 1223 851 1279 Hoc
869 1225 933 1279 visit
952 1220 1097 1294 Tanaquil
1117 1238 1195 1277 sum-

243 1348 322 1388 mam
337 1336 365 1389 ei
383 1329 555 1406 dignitatem
576 1329 716 1405 portendi
735 1328 878 1387 intellexit
899 1326 1075 1402 coniugique
1096 1326 1195 1397 suisit,

242 1445 275 1493 ut
296 1454 365 1494 eum
385 1435 465 1494 haud
486 1453 570 1495 secus
592 1455 628 1494 ac
652 1441 721 1495 suos
742 1435 849 1494 liberos
872 1432 1022 1491 educiret.
1064 1432 1094 1489 Is
1114 1440 1194 1506 post·

242 1560 333 1617 quam
349 1540 487 1614 adolevit,
502 1551 532 1600 et
546 1542 717 1601 fortitudine
732 1551 763 1599 et
776 1539 900 1599 consilio
917 1537 1037 1613 insignis
1054 1537 1117 1595 fuit.
1159 1539 1196 1596 In

243 1647 356 1723 proelio
371 1647 511 1722 quodam,
528 1648 632 1722 inquo
647 1652 700 1705 rex
717 1647 894 1721 Tarquinius
914 1644 1053 1703 adversus
1073 1646 1195 1705 Sabinos

196 1782 223 1814 ιο
243 1752 383 1825 conflixit,
405 1752 544 1811 militibus
565 1753 682 1829 segnius
703 1752 920 1825 dimicantibus,
943 1763 1061 1828 raptum
1081 1759 1196 1829 signum

243 1860 273 1917 in
297 1859 414 1917 hostem
439 1859 525 1918 misit.
568 1860 658 1919 Cuius
683 1858 847 1936 recipiendi
869 1859 962 1935 gratia
984 1861 1113 1918 Romani
1134 1869 1196 1918 tam

243 1965 349 2024 acriter
362 1969 574 2041 pugnaverunt,
589 1975 621 2024 ut
642 1975 672 2024 et
693 1971 808 2042 signum
826 1975 857 2025 et
875 1966 1030 2025 victoriam
1044 1966 1195 2026 referrent.

243 2071 312 2145 Qua
324 2075 357 2129 re
377 2076 396 2129 a
414 2071 575 2146 Tarquinio
596 2089 686 2146 gener
707 2072 880 2148 adsumptus
901 2084 947 2132 est
957 2095 965 2148 ;
991 2084 1022 2132 et
1042 2091 1111 2132 cum
1124 2075 1196 2132 Tar-

243 2177 359 2252 quinius
380 2183 494 2235 occisus
516 2187 602 2250 esset,
620 2178 776 2253 Tanaquil,
795 2180 947 2255 Tarquinii
964 2198 1046 2252 uxor,
1067 2178 1197 2239 'mortem

195 2311 220 2360 ις
243 2284 305 2342 δίης
319 2283 434 2355 celavit,
448 2282 650 2358 populumque
666 2301 703 2341 ex
717 2281 867 2359 superiore
882 2296 966 2361 parte
980 2285 1099 2344 aedium
1113 2285 1196 2344 adlo-

242 2393 311 2446 cuta
325 2389 374 2461 ait,
389 2393 489 2464 regem
503 2405 590 2464 grave
605 2389 737 2464 quidem,
751 2390 804 2449 sed
819 2396 880 2449 non
893 2391 980 2450 letale
993 2391 1097 2450 vulnus
1111 2395 1195 2450 acce-

241 2495 330 2570 pisse,
359 2511 485 2568 eumque
514 2504 625 2569 petere,
651 2505 684 2553 ut
712 2495 839 2568 interim,
867 2496 940 2555 dum
967 2498 1195 2569 convalesceret,

242 2601 343 2660 Servio
356 2600 453 2658 Tulli6
467 2598 549 2658 dicto
563 2599 718 2659 audientes
733 2611 839 2660 essent.
881 2603 929 2662 ffic
949 2602 1065 2661 Servius
1084 2602 1196 2661 Tullius

242 2710 364 2782 regnare
378 2706 488 2780 coepit,
503 2706 556 2765 sed
572 2709 653 2765 recte
670 2708 829 2782 imperium
850 2707 1073 2766 administravit.
1115 2708 1195 2768 Sabi-

193 2843 221 2874 20
242 2817 297 2870 nos
311 2811 446 2886 subegit3
468 2816 585 2870 montes
600 2817 668 2885 tres,
685 2813 877 2887 Quirinalem,
887 2814 1074 2886 Vrminalem,
1090 2805 1194 2889 Esqui-

242 2918 333 2975 linum
353 2916 418 2975 urbi
438 2916 590 2990 adiunxit3
620 2918 711 2977 fossas
732 2919 812 2978 circa
832 2924 948 2977 murum
973 2919 1066 2978 duxit.
1106 2906 1195 2978 ldem

241 3027 364 3082 censum
379 3022 533 3096 ordinavit,
549 3032 579 3081 et
593 3024 736 3098 populum
753 3024 784 3081 in
798 3024 905 3082 classes
923 3034 953 3082 et
970 3024 1116 3083 centurias
1135 3025 1194 3084 dis·

241 3129 351 3188 tribuit.

281 3233 397 3293 Servius
424 3234 536 3292 Tullius
564 3234 685 3309 aliquod
713 3234 778 3293 urbi
807 3234 900 3293 decus
927 3234 1040 3293 addere
1067 3235 1195 3294 volebat.

192 3371 218 3419 ²5
242 3342 307 3398 Iam
335 3349 398 3398 tum
425 3340 559 3397 inclitum
589 3349 651 3398 erat
678 3340 794 3398 Dianae
823 3339 972 3414 Ephesiae
1000 3340 1112 3398 fanum.
1158 3341 1195 3400 ld

241 3446 439 3505 communiter
466 3451 484 3502 a
511 3445 675 3504 civitatibus
703 3445 791 3503 Asiae
819 3445 930 3502 factum
958 3445 1039 3503 fama
1072 3445 1194 3505 ferebat.
