2742 3975
251 290 293 351 62
467 288 565 351 Urbis
587 289 714 351 Romae
739 288 812 352 Viri
831 289 981 352 Illustres

251 510 344 585 peius,
370 516 424 568 etsi
449 509 547 567 Carbia
573 508 756 568 muliebriter
784 518 909 566 mortem
934 509 1129 567 extimescens
1152 508 1203 567 de-

251 620 338 675 misse
362 625 392 673 et
418 615 554 673 flebiliter
579 624 705 672 mortem
730 613 953 688 deprecibatun
968 613 1007 671 ad
1026 615 1202 689 supplicium

251 723 320 782 duci
333 723 424 781 iussit.
467 722 570 796 Longe
585 720 767 779 moderatior
781 720 835 778 luit
852 720 1010 795 Pompeius
1030 726 1099 796 erga}
1119 721 1203 781 Sthe-

250 830 340 901 nium,
355 828 470 888 Siciliae
492 828 644 886 cuiusdam
667 828 792 886 civititis
812 828 986 902 principem.
1028 828 1106 886 Cum
1123 828 1203 886 enim

215 959 226 1008 5
250 937 280 993 in
305 954 371 993 eam
396 936 542 993 civititem
571 933 805 991 animadvertere
834 934 1021 1006 decrevisset,
1043 952 1119 1008 quae
1147 934 1203 991 sibi

250 1042 404 1100 adversita
426 1041 535 1111 fuisset,
558 1040 657 1115 inique
681 1058 749 1097 eum
774 1040 918 1097 factumm
946 1040 1082 1099 Sthenius
1105 1040 1201 1097 excla-

251 1148 349 1219 ma'vit,
364 1154 389 1205 si
408 1148 448 1205 ob
468 1152 552 1205 unius
574 1146 693 1220 culpam
715 1150 818 1203 omnes
839 1150 964 1220 puniret.
1008 1146 1203 1221 Interroganti

251 1253 404 1327 PompEid,
419 1252 552 1326 quisnam
575 1251 622 1309 ille
645 1257 718 1309 inus
740 1260 825 1320 esset,
858 1252 981 1326 “Ego,”
1003 1251 1097 1325 inquit
1118 1251 1202 1310 Sthe-

249 1359 323 1431 niuS,
340 1362 418 1433 “qui
437 1363 514 1416 cives
536 1362 618 1416 metis
640 1357 678 1416 ad
700 1356 732 1415 id
752 1357 882 1415 induxi.”
923 1358 999 1414 Tam
1018 1357 1110 1415 libera
1127 1362 1201 1415 vnce

203 1498 229 1529 10
250 1465 412 1523 delectitus
434 1464 591 1539 PompEius
613 1464 750 1521 omnibus
772 1473 802 1521 et
823 1463 945 1521 Sthenid
967 1464 1023 1537 ipsi
1042 1463 1185 1538 pepercit.

289 1572 497 1645 Trinsgressus
533 1569 604 1628 inde
645 1570 676 1627 in
710 1556 840 1627 rifricam
876 1570 1004 1641 larbam,
1040 1568 1200 1627 Numidiae

208 1661 214 1667 ⁸
249 1682 359 1752 regem,
390 1682 441 1750 qui
475 1676 561 1733 Marii
596 1675 725 1749 partibus
761 1675 885 1747 favebat,
916 1676 994 1734 belld
1028 1681 1199 1751 persecutus

249 1783 324 1840 intra
345 1782 408 1840 dies
428 1780 621 1857 quadraginti
641 1782 788 1856 oppressit
810 1791 839 1839 et
861 1765 989 1840 iliricam
1011 1783 1126 1858 subegit
1147 1781 1199 1840 ad-

248 1889 382 1947 ulescens
399 1896 536 1961 quattuor
557 1898 587 1945 et
607 1888 708 1962 viginti
728 1894 881 1947 annrirum.
924 1889 1042 1947 Deinde
1064 1908 1132 1947 cum
1154 1890 1199 1947 lit-

201 2019 225 2066 ις
249 2005 328 2052 terae
350 2001 377 2052 ei
397 2000 414 2052 ai
435 1994 513 2052 Sulla
533 1992 667 2052 redditae
689 2006 797 2067 essent,
812 1996 917 2069 quibus
933 1997 1064 2056 exercitu
1078 1997 1198 2056 dimiss6

247 2119 316 2158 cum
347 2105 405 2158 uini
435 2100 551 2175 legibue
587 2106 788 2159 successdrem
825 2109 997 2177 exspectare
1034 2104 1198 2176 iubebatur,

248 2207 415 2281 Pompeius
440 2223 619 2281 quamquam
648 2211 735 2282 aegre
766 2207 796 2264 id
825 2208 946 2280 scribat,
972 2219 1072 2268 tamen
1102 2211 1199 2285 piruit

247 2320 277 2370 et
306 2313 433 2370 Rbmam
461 2313 587 2370 revertit.
640 2314 811 2370 Revertenti
840 2315 1018 2374 incrEdibilis
1045 2315 1198 2374 hominum

247 2418 404 2477 multitidd
429 2418 545 2477 obviam
569 2418 640 2490 ivit3
663 2419 741 2477 Sulla
765 2438 883 2495 quoque
907 2421 1000 2480 laetus
1022 2440 1090 2479 eum
1111 2428 1197 2480 exce-

197 2547 225 2579 κο
246 2523 290 2598 pit
318 2533 348 2581 et
374 2526 474 2599 Migni
501 2524 678 2598 cogndmine
711 2526 911 2584 cdnsalfltaivit.
964 2528 1065 2586 Nihild
1101 2529 1197 2587 ininus

246 2630 390 2704 PompEid
412 2629 592 2704 triumphum
613 2638 727 2704 petenti
749 2633 871 2704 restitit;
893 2651 989 2707 neque
1011 2639 1080 2693 vird
1105 2641 1141 2692 eri
1164 2640 1197 2693 re

245 2741 263 2792 ῖι
289 2735 442 2810 prdpositd
470 2734 625 2794 deterritus
653 2746 698 2794 est
727 2738 883 2812 Pompeius
918 2757 1062 2814 aususque
1097 2739 1196 2799 dicere

244 2842 342 2916 plures
364 2841 486 2899 addrire
509 2842 602 2900 sdlem
625 2842 770 2900 orientem
794 2863 883 2918 quam
906 2845 1094 2903 occidentem
1106 2867 1113 2917 ;
1135 2853 1195 2921 qud

244 2947 326 3005 dictu
349 2947 499 3020 innuEbat,
515 2949 611 3007 Sullae
635 2950 800 3024 potentiam
824 2950 923 3022 minui,
945 2969 1027 3008 suam
1052 2957 1195 3010 crescere.

196 3085 219 3130 ²5
246 3055 289 3110 Ea
312 3058 387 3111 vdce
409 3053 508 3112 audita
536 3055 622 3126 Sulla,
645 3055 829 3113 cdnlidentii
857 3055 1053 3114 adulescentis
1080 3059 1194 3132 percul-

244 3177 300 3230 sus,
316 3163 335 3190 “
343 3161 520 3235 Triumphet
534 3164 539 3218 l
565 3161 726 3236 triumphet
740 3165 745 3219 ἔ
757 3163 773 3187 ”
796 3162 977 3220 exclamivit.

285 3266 407 3324 Metelli)
428 3266 487 3324 iam
511 3273 575 3324 seni
599 3277 628 3324 et
653 3267 763 3324 bellum
784 3267 815 3323 in
838 3267 984 3342 Hispania
1004 3269 1119 3343 segnius
1144 3289 1193 3344 ge-

243 3502 262 3532 2.
279 3488 392 3541 flebiliter,
405 3488 433 3533 cs.
444 3489 498 3542 fleti,
510 3496 577 3545 werp.
629 3491 649 3534 6.
666 3489 754 3555 inique,
765 3489 871 3546 unjustly.
922 3503 958 3545 24.
976 3490 1095 3544 innuebat,
1106 3493 1193 3538 hinted.
