2742 3975
221 300 263 362 88
432 297 529 361 Urbis
550 298 677 360 Romae
702 298 774 361 Vin·
795 298 944 361 Illustres

150 571 155 579 .
220 518 366 591 inridenti,
392 517 473 592 quod
498 519 644 594 promisso
668 524 745 577 stare
769 523 830 577 uon
856 520 1009 595 potuisset.
1054 522 1094 578 At
1121 520 1171 578 illa

218 626 317 684 inferri
336 628 468 683 mensam
485 623 647 682 secundam
667 624 758 683 iussit.
800 625 846 683 Ex
867 631 1028 701 praecepto
1048 626 1171 685 ministri

219 736 309 789 unum
325 739 439 789 tantum
452 735 504 788 vas
518 739 586 789 ante
601 748 668 788 eam
682 734 809 806 posuere
826 735 911 804 aceti,
928 732 1010 791 cilius
1029 732 1170 808 asperitas

218 844 319 912 visque
341 842 511 912 margaritas
532 836 659 895 resolvit.
702 837 901 912 Exspectaute
923 837 1010 913 igitur
1029 839 1170 911 Antonio,

184 961 194 1010 5
218 942 361 1019 quidnam
376 952 453 1001 esset
468 946 576 1014 actura,
592 948 786 1018 margaritam,
801 959 891 1017 quam
906 944 1023 1003 auribus
1039 945 1169 1020 gerebat,

219 1050 345 1109 detraxit
367 1059 397 1107 et
416 1052 502 1106 aceto
523 1048 713 1123 liquefactam
734 1048 894 1108 absorbuit.
941 1050 1060 1108 Victum
1081 1053 1171 1109 Antd-
1231 1054 1233 1061 '

219 1156 300 1214 nium
321 1158 435 1226 omnes,
455 1159 507 1228 qui
527 1151 659 1226 aderant,
681 1155 952 1228 pronuntiaverunt.

259 1261 438 1322 Octavianus
458 1278 528 1318 cum
548 1260 679 1317 Antonio
701 1260 781 1334 apud
801 1261 930 1333 Actium,
951 1267 1002 1336 qui
1023 1262 1105 1321 locus
1126 1270 1171 1319 est

218 1369 249 1426 in
261 1352 363 1443 Epiri),
380 1366 474 1424 navali
492 1365 606 1441 proelii>
627 1364 785 1424 dimicavit
830 1367 950 1425 Victum
965 1376 995 1426 et
1009 1368 1170 1443 fugientem

172 1499 198 1531 10
219 1477 391 1549 persecutus
411 1474 578 1547 Aegyptum
595 1470 690 1546 petiit,
706 1481 736 1529 et
757 1472 982 1545 Alexandream,
1000 1478 1059 1548 qud
1078 1476 1169 1531 Anto·

219 1582 284 1639 nius
311 1598 379 1637 cum
408 1579 568 1651 Cleopatra
595 1577 779 1653 cdnsugerat‚
804 1577 929 1638 obsedit.
972 1580 1117 1638 Antonius
1140 1580 1171 1637 in

218 1688 321 1747 ultima
344 1690 442 1744 rerum
469 1683 688 1759 desperatione,
713 1702 782 1743 cum
809 1684 912 1745 habitu
938 1686 1015 1762 regis
1039 1687 1069 1743 in
1097 1686 1171 1745 solio

218 1793 308 1869 regali
328 1791 462 1863 sedisset,
483 1800 610 1849 mortem
633 1791 689 1850 sibi
713 1792 777 1866 ipse
798 1791 952 1850 conscivit.
1002 1792 1170 1867 Cleopatra,

218 1918 309 1975 quam
338 1898 526 1970 Octavianus,
554 1896 741 1956 Alexandrea
770 1898 800 1955 in
827 1900 1005 1972 potestatem
1040 1897 1170 1970 redacta,

172 2029 196 2077 ις
219 2011 399 2084 magnopere
431 2005 572 2081 cupiebat
597 2011 693 2063 vivam
722 2006 935 2080 comprehendi
962 2005 1171 2080 triumphoque

219 2119 333 2185 servari,
353 2112 487 2188 aspidem
506 2112 561 2172 sibi
581 2112 775 2171 adferendam
795 2113 908 2170 curavit
929 2113 1050 2187 Eiusque
1073 2117 1171 2170 morsu

219 2220 314 2296 periit.
356 2221 534 2295 Cleopatrae
562 2229 697 2278 mortuae
728 2222 918 2277 communem
945 2236 1014 2276 cum
1041 2218 1170 2277 Antonio

219 2327 399 2402 sepulturam
421 2325 527 2384 tribuit.

259 2432 395 2491 Tandem
410 2431 598 2501 Octavianus,
613 2428 746 2488 hostibus
760 2433 842 2488 vietis
857 2430 936 2488 solus
950 2429 1075 2505 imperio
1094 2435 1170 2504 poti·

171 2566 199 2599 20
220 2549 275 2610 tus,
287 2539 465 2597 elementem
481 2541 512 2595 se
527 2535 667 2594 exhibuit.
706 2534 816 2594 Omnia
830 2535 955 2609 posthac
976 2536 1007 2593 in
1028 2540 1064 2593 eo
1085 2535 1173 2609 plena

220 2644 454 2703 mansuetudinis
468 2652 498 2701 et
512 2641 711 2700 humanitatis.
754 2642 855 2699 Multis
872 2641 982 2716 igndvit
994 2641 1041 2699 vel
1056 2648 1106 2712 eis,
1121 2647 1172 2716 qui

220 2768 310 2825 saepe
337 2750 463 2825 graviter
490 2767 558 2806 eum
587 2746 780 2806 offenderant.
823 2748 968 2832 Reversus
996 2746 1027 2804 in
1055 2746 1171 2805 Italiam

220 2855 402 2929 triumphans
417 2857 546 2913 Romam
565 2854 712 2929 ingressus
727 2862 780 2910 est.
821 2854 899 2910 Tum
918 2852 1000 2910 bellis
1020 2856 1083 2910 toto
1100 2853 1171 2910 orbe

220 2961 392 3035 compositis
410 2961 474 3018 Iani
487 2959 598 3035 gemini
614 2964 713 3034 portas
731 2963 784 3016 sua
802 2962 891 3016 manti
909 2957 1021 3029 clausit,
1036 2975 1112 3032 quae
1127 2957 1172 3016 bis

171 3092 198 3140 ²5
221 3077 333 3125 tantum
355 3072 443 3124 antea
463 3066 579 3123 clausae
601 3065 726 3135 fuerant,
748 3069 875 3138 primum
896 3063 951 3122 sub
973 3063 1073 3121 Numa
1093 3067 1171 3138 rege,

220 3173 324 3231 iterum
355 3182 422 3246 post
450 3179 575 3246 primum
609 3171 752 3227 Punicum
781 3170 900 3227 bellum.
954 3170 1040 3227 Tunc
1068 3173 1172 3226 omnes

221 3349 241 3380 2.
256 3335 371 3388 mensam,
382 3347 468 3380 course.
723 3345 756 3378 12.
772 3332 839 3386 solio,
853 3333 941 3378 throne.

219 3423 241 3467 3.
256 3410 324 3464 aceti,
335 3410 443 3466 vinegar.
722 3409 756 3453 16.
772 3407 890 3465 aspidem,
901 3413 948 3464 asp,
958 3407 1032 3465 vesper.

218 3499 241 3543 4.
256 3489 400 3542 margaritas,
407 3489 495 3544 pearls.
