2742 3975
408 288 529 353 Caesar
551 288 753 353 Octavianus
775 289 949 373 Augustus
1110 308 1149 373 91

201 531 307 572 corvus
334 512 435 588 coepit
463 511 562 572 dicere
593 512 705 571 dictam
736 513 949 572 salititionem.
1007 512 1076 572 Hic
1104 532 1153 571 au-

197 619 272 691 diti,
301 617 373 676 dum
408 619 519 691 transit,
547 620 695 695 Augustus
726 619 897 694 respondit:
935 619 1037 679 “Satis
1072 619 1154 679 domi

202 725 304 783 talium
326 724 515 783 salutatorum
536 725 662 785 habeo.”
719 726 867 801 Superiuit
888 731 977 784 corvo
999 725 1152 798 memoria,

200 839 233 889 ut
258 839 289 889 et
311 830 369 902 illa,
393 831 499 906 quibus
524 831 677 891 dominum
703 841 877 907 querentem
901 832 1015 892 solebat
1041 832 1153 905 audire,

203 937 380 1009 subtexeret,
421 938 548 1013 “Opera
582 947 612 997 et
646 939 783 1014 impensa
817 938 934 1014 periit.¹'
989 937 1036 995 Ad
1071 936 1185 1012 quods

202 1044 313 1103 Caesar
342 1044 404 1102 risit
434 1050 552 1119 emique
580 1062 665 1104 avem
693 1044 785 1119 iussit,
813 1051 916 1120 quanti
945 1044 1055 1103 millam
1083 1052 1153 1102 ante

201 1154 321 1208 emerat.

241 1256 361 1316 Solebat
379 1257 541 1315 Graeculus
560 1257 681 1332 quidam
701 1255 895 1316 descendenti
913 1262 930 1315 δ
949 1257 1059 1332 palatii>
1077 1257 1151 1316 Cae·

201 1370 257 1421 sari
275 1363 471 1421 honorificum
490 1362 611 1438 aliquod
628 1363 810 1439 epigramma
828 1363 987 1439 porrigere.
1029 1363 1067 1422 Id
1083 1381 1152 1422 curn

201 1469 306 1528 frustra
324 1487 414 1545 saepe
436 1468 557 1527 fecisset
577 1478 608 1528 et
628 1478 728 1527 tamen
749 1475 846 1528 rursus
867 1488 936 1528 eum
956 1469 1037 1529 idem
1059 1470 1151 1528 factu·
1175 1498 1201 1529 ιο

200 1594 265 1633 rum
282 1574 413 1634 duxisset
427 1577 583 1652 Augustus,
601 1575 690 1635 breve
710 1581 762 1634 sua
780 1580 869 1634 manti
887 1575 919 1633 in
935 1576 1037 1633 chartei
1053 1581 1150 1633 exari-

200 1682 242 1740 vit
261 1683 409 1742 Graecum
428 1683 611 1759 epigramma
629 1691 659 1740 et
678 1682 826 1741 Graeculo
846 1681 1015 1741 advenienti
1034 1682 1151 1741 obviam

200 1789 287 1847 misit.
329 1789 384 1847 Ille
404 1789 482 1847 inter
502 1787 661 1864 legendum
681 1787 801 1847 laudare
822 1793 977 1862 mirarique
998 1798 1059 1846 tam
1078 1793 1151 1847 voce

201 1913 291 1970 quam
310 1895 392 1954 vultu
412 1900 564 1970 gestuque.
614 1893 733 1953 Deinde
755 1913 824 1953 cum
844 1895 1017 1953 accessisset
1036 1893 1076 1952 ad
1097 1894 1151 1953 sel-

200 2002 269 2075 lam,
290 2008 350 2077 qua
372 2003 482 2062 Caesar
501 2001 672 2074 vehebatur,
695 2001 823 2061 demissa
846 2002 877 2060 in
901 2019 1063 2077 pauperem
1087 2019 1151 2059 cru-
1174 2027 1198 2075 ις

201 2114 320 2166 menam
347 2113 437 2166 manti
464 2114 576 2184 paucos
603 2107 741 2167 denarios
768 2108 898 2182 protulit,
923 2113 999 2183 quos
1025 2107 1153 2183 principi

201 2215 294 2287 daret,
316 2215 459 2290 dixitque,
480 2219 512 2273 εδ
534 2214 600 2290 plus
621 2213 758 2273 datiuum
781 2213 877 2287 fuisse,
901 2221 925 2272 si
947 2214 1011 2289 plirs
1033 2214 1170 2273 habuis·

201 2330 254 2380 set.
296 2321 404 2381 Secuto
424 2321 558 2380 omnium
576 2325 634 2379 risit
654 2319 888 2396 dispensitorem
908 2321 1019 2380 Caesar
1035 2319 1153 2379 vocavit

202 2436 232 2486 et
252 2428 321 2486 satis
341 2427 484 2504 grandem
506 2427 650 2503 pecuniae
669 2444 815 2485 summam
837 2431 984 2485 numerari
1005 2426 1151 2486 Graeculo

199 2533 290 2592 iussit.
1173 2555 1202 2586 20

240 2642 387 2715 Augustus
415 2639 476 2697 fere
504 2639 576 2697 nirlli
603 2643 634 2698 εδ
661 2639 795 2697 invitanti
822 2639 958 2715 negabat.
1001 2638 1152 2713 Exceptus

201 2745 288 2821 igitur
310 2751 329 2804 δ
348 2744 479 2821 quodam
503 2749 578 2803 cena
602 2745 671 2803 satis
696 2750 786 2820 parca
810 2754 840 2803 et
860 2761 955 2820 paene
980 2743 1151 2817 cottidiani,

201 2851 259 2909 hoc
291 2860 405 2910 tantum
425 2851 622 2924 insusurravit,
651 2852 751 2909 “Non
779 2851 921 2926 putibam
942 2855 991 2909 me
1012 2851 1066 2910 tibi
1087 2868 1152 2910 esse

201 2966 261 3015 tam
296 2958 498 3017 familiarem.''
560 2957 638 3016 Cum
674 2956 834 3032 aliquando
872 2955 953 3033 apud
989 2957 1152 3016 Pollionem

200 3064 351 3138 quendam
378 3069 497 3123 cenaret
518 3063 710 3139 fregissetque
737 3068 813 3122 rinus
837 3068 854 3122 δ
882 3069 972 3123 servis
996 3069 1046 3122 vis
1074 3081 1152 3138 crys-
1174 3089 1200 3138 ²5

213 3270 236 3313 9.
249 3256 378 3314 porrigere,
388 3261 411 3301 to
420 3258 485 3315 offer.
704 3256 737 3302 16.
753 3257 871 3312 denarios,
880 3258 985 3310 denarii:
993 3256 1033 3302 the
1040 3255 1153 3303 denarius

202 3343 236 3377 11.
251 3331 339 3385 charta,
355 3338 446 3390 paper:
466 3331 577 3386 exaravit,
592 3344 651 3376 com·
782 3357 801 3374 =
810 3333 883 3378 about
894 3333 957 3388 nm.

277 3407 355 3464 pored.
702 3419 738 3464 23.
752 3408 913 3461 insusurravit,
923 3407 1055 3464 whispered
1063 3410 1087 3450 to
1095 3406 1154 3452 Irim.

201 3492 235 3538 15
250 3481 397 3535 cruminam,
410 3486 491 3538 perse.
