2742 3975
238 320 280 382 42
463 302 559 365 Urbis
581 302 707 364 Romae
739 302 811 364 Vin·
831 302 981 365 Illustres

239 543 329 599 quam
343 525 434 583 vades
448 525 510 582 sisti
523 524 655 597 iusserat,
669 524 814 599 oppidum
835 534 957 599 captum
977 535 1029 583 est
1074 524 1191 584 Eodem

240 630 288 689 die
302 631 333 687 in
347 649 415 689 arce
431 631 493 689 eius
508 630 612 706 oppidi
625 632 669 689 iiis
684 630 767 689 dixit.

280 737 433 795 Hannibal
453 742 471 794 ῑι
492 737 628 812 Scipione
650 738 744 794 victus
765 742 883 811 suisque
903 736 1020 807 invisus,
1035 735 1074 795 ad
1088 736 1190 795 Antio

239 843 336 914 chum,
353 843 451 919 Syriae
474 847 584 918 regem,
602 842 735 917 conffigit
758 859 885 917 eumque
909 842 1026 901 hostem
1050 844 1191 902 Rominis

205 969 216 1017 5
239 948 319 1007 iecit.
363 950 446 1007 Missi
466 958 534 1006 sunt
555 950 652 1007 Romi
665 948 754 1022 legiti
767 948 806 1006 ad
821 948 1020 1021 Antiochum,
1041 947 1191 1022 inquibus

238 1065 301 1112 erat
315 1054 414 1129 Scipio
428 1037 601 1127 Africanus5
623 1060 758 1129 quicum
778 1053 948 1112 Hannibale
965 1053 1076 1129 Ephesi
1094 1054 1192 1112 conlo

238 1165 323 1218 cutus
338 1161 376 1218 ab
390 1165 426 1218 eo
438 1160 589 1235 quaesivit,
601 1177 691 1234 quem
706 1159 792 1217 fuisse
808 1160 968 1217 miximum
982 1160 1191 1234 imperitorem

239 1266 384 1325 crederet.
426 1264 594 1339 Respondit
622 1265 784 1335 Hannibal,
812 1265 1021 1337 Alexandrum,
1048 1264 1190 1324 Macedo-

238 1390 310 1429 num
324 1376 434 1447 regern,
449 1371 610 1429 miximum
625 1370 680 1429 sibi
694 1370 795 1443 videri,
805 1370 886 1446 quod
901 1376 991 1446 parva
1005 1376 1094 1429 manu
1107 1372 1191 1429 innu-

191 1502 218 1533 10
238 1477 393 1536 meribiles
422 1478 567 1535 exercitus
595 1476 728 1535 fudisset.
771 1477 932 1550 Quaerenti
959 1476 1079 1549 deinde,
1102 1494 1191 1551 quem

239 1582 402 1642 secundum
425 1588 558 1658 poneret,
598 1582 798 1659 “Pyrrhum'’
824 1583 927 1658 inquit,
951 1582 1060 1658 “quod
1082 1589 1191 1658 primus

238 1700 333 1748 castra
354 1694 457 1747 metari
478 1688 581 1747 docuit
601 1693 750 1764 nemoque
771 1688 821 1747 illo
842 1688 1004 1764 elegantius
1024 1689 1091 1747 loca
1111 1689 1191 1765 cepit

239 1806 269 1855 et
289 1794 437 1871 praesidia
458 1794 631 1870 disposuit.’'
673 1795 838 1853 Sciscitanti
859 1793 997 1870 denique,
1019 1814 1108 1871 quem
1133 1806 1188 1853 ter-

238 1898 316 1960 tium'
334 1901 466 1973 duceret,
488 1904 582 1958 semet
604 1900 701 1975 ipsum
724 1900 807 1959 dixit.
847 1901 926 1958 Tum
949 1900 1048 1959 ridens
1072 1901 1179 1976 Scipio,

191 2029 216 2077 15
239 2008 418 2082 “Quidnam
433 2013 465 2066 tir
479 2007 622 2078 diceres,''
638 2007 742 2082 inquit,
755 2012 804 2066 “si
818 2012 866 2066 me
876 2009 1015 2066 vicisses?
1027 2010 1043 2035 ”
1086 2009 1190 2066 “Tum

239 2119 287 2172 me
303 2116 402 2187 ver6,’'
418 2113 572 2188 respondit
593 2114 755 2186 Hannibal,
771 2118 830 2172 “et
850 2090 918 2173 ante
939 2114 1139 2172 Alexandrum
1161 2123 1191 2172 et

238 2230 306 2278 ante
329 2221 470 2296 Pyrrhum
494 2231 524 2278 et
547 2230 616 2278 ante
641 2225 745 2278 ornnes
770 2220 842 2278 alios
861 2221 1054 2295 imperatores
1078 2221 1189 2295 posuis·

237 2327 329 2384 sem.”
374 2327 420 2384 Ita
440 2327 599 2401 improviso
621 2326 833 2385 adsentationis
854 2344 962 2401 genere
983 2327 1151 2401 Scipionem
1172 2331 1189 2384 ἓ

236 2449 324 2506 grege
346 2431 554 2506 imperatorum
576 2432 656 2490 velut
676 2432 921 2491 inaestimabilem
943 2432 1124 2491 sicemebat.

188 2558 216 2589 20
277 2536 375 2610 Scipib
398 2537 461 2611 ipse
483 2537 574 2595 fertur
594 2538 747 2612 quondam
768 2538 884 2609 dixisse,
900 2555 968 2596 cum
986 2556 1054 2595 eum
1069 2537 1189 2612 quidam

236 2660 339 2716 parum
366 2647 532 2716 pugnicem
555 2642 697 2717 dicerent,
736 2645 981 2718 “Imperitorem
1009 2648 1058 2702 me
1086 2650 1189 2715 miter,

235 2752 297 2804 non
319 2746 491 2806 bellatorem
514 2748 658 2823 peperit.''
701 2743 789 2807 Idem
811 2749 910 2807 dicere
935 2749 1036 2807 solitus
1057 2759 1111 2822 est,
1128 2755 1189 2807 non

236 2853 330 2910 solum
352 2852 483 2912 dandam
504 2871 568 2912 esse
589 2854 666 2911 viam
689 2854 877 2930 fugientibus,
900 2853 953 2913 sed
976 2855 1066 2913 etiam
1094 2856 1187 2914 mimi-

235 2958 353 3017 endam.

186 3087 212 3135 ²5
276 3066 405 3123 Decreto
420 3063 559 3123 adversus
571 3065 751 3124 Antiochum
766 3067 844 3124 bello
859 3084 927 3124 cum
943 3067 1024 3142 Syria
1038 3067 1188 3141 provincia

234 3170 402 3228 obvenisset
428 3171 520 3228 Lucio
544 3171 682 3246 Scipioni,
705 3173 773 3245 quia
795 3189 899 3246 parum
922 3173 952 3229 in
975 3177 1012 3230 eo
1031 3172 1188 3246 putabitur

234 3294 298 3334 esse
326 3277 424 3348 animi,
446 3294 550 3351 parum
578 3277 701 3348 roboris,
723 3284 841 3336 senitus
864 3277 988 3353 gerendi
1011 3278 1096 3336 huius
1120 3278 1188 3337 belli

234 3387 333 3439 curam
353 3382 487 3441 mandam·
499 3384 618 3442 volebat
632 3385 763 3459 collegae
778 3385 840 3442 eius
855 3385 890 3442 C.
906 3385 1018 3441 Laelio.
1062 3384 1186 3459 Surgens

233 3497 304 3544 tunc
326 3489 423 3563 Scipio
445 3475 607 3561 Africanus,
624 3491 713 3547 friter
734 3492 825 3549 maior
843 3491 926 3548 Lucii
939 3489 1093 3563 Scipionis,
1107 3489 1186 3548 illam
