2742 3975
293 272 437 336 Publius
463 272 612 335 Valerius
634 273 805 335 Laevinus
827 283 860 335 et
881 272 1031 354 Pyrrhus
1103 285 1141 354 17

188 409 258 421 ‘du

186 494 294 570 pariter
322 511 357 550 ac
386 492 520 551 mulieres
549 493 669 551 exitium
704 493 862 551 imminens
897 494 1140 553 limentibantur.

185 601 263 658 Tum
284 599 414 670 Veturia,
436 598 586 657 Corioiini
607 605 710 672 miter,
733 609 762 657 et
783 599 941 657 Volumnia
962 601 1044 672 uxor,
1066 601 1141 661 duris

186 710 291 781 parvos
311 705 387 762 filios
405 709 506 762 secum
528 704 655 776 trahens,
670 715 767 762 castra
787 706 961 762 Volscorum
985 710 1140 783 petierunt,

186 821 227 883 ut,
252 811 394 885 quoniam
416 816 503 868 armis
527 811 580 868 viri
604 809 765 869 defendere
788 810 892 869 urbem
921 819 983 871 non
1009 828 1140 892 possent,

187 917 323 974 mulieres
338 917 462 974 lacrimis
476 917 673 992 precibusque
689 916 892 977 defenderent.
936 922 997 981 Ubi
1019 931 1140 981 mitrem
1180 950 1208 996 5·

187 1022 324 1096 adspexit
352 1021 535 1095 Coriolinus,
574 1026 592 1053 “
606 1023 738 1093 Vicisti,’'
768 1024 871 1100 inquit,
901 1033 1006 1087 “iram
1035 1048 1141 1102 meam,

186 1129 291 1203 patria,
306 1128 442 1203 precibus
457 1127 541 1185 hirius
556 1126 704 1201 admotis3
727 1134 775 1187 cui
790 1143 871 1190 tuam
891 1135 921 1192 in
943 1140 991 1194 me
1008 1136 1141 1194 iniiiriam

187 1233 357 1301 cond6n6.''
399 1232 579 1307 Complexus
594 1233 664 1291 inde
682 1241 749 1294 suos
766 1249 860 1297 castra
875 1242 967 1299 movit
984 1251 1014 1299 et
1031 1243 1141 1300 exerci-

189 1350 252 1398 tum
281 1358 318 1397 ex
344 1344 415 1414 agro
444 1339 581 1397 Romint')
609 1340 741 1400 abdixit.
794 1347 966 1405 Coriolinus
994 1354 1098 1423 posteri
1125 1354 1143 1406 i

188 1444 312 1517 Volscis,
336 1453 368 1501 ut
389 1443 532 1519 proditor,
557 1454 671 1505 occisus
696 1467 760 1507 esse
786 1451 893 1525 fertur,
917 1453 966 1510 alii
989 1453 1142 1529 usquead
1165 1484 1191 1515 ιο

189 1554 372 1609 senectitem
392 1555 497 1608 vixisse
520 1552 649 1610 eundem
671 1554 797 1614 tridunt.

232 1838 298 1892 ΧΙ.
323 1837 471 1891 Pontem
497 1836 853 1925 Valerius-Laevinus
871 1842 903 1891 et
920 1839 1097 1904 Pyrrhus,

561 1931 627 1981 reno
644 1928 763 1995 Epiri.

609 2069 655 2114 281
675 2077 723 2113 nc

228 2203 403 2274 Tarentinis,
416 2200 496 2277 quod
512 2202 715 2259 Romimorum
731 2199 831 2275 legitis
846 2200 979 2258 iniiriam
994 2200 1142 2275 iecissent,

189 2308 299 2366 bellum
320 2307 465 2366 indictum
487 2317 540 2365 est.
585 2308 627 2363 Hi
648 2305 799 2380 Pyrrhum,
815 2291 896 2380 Epiri
916 2311 1024 2381 regem,
1040 2315 1144 2366 contri

191 2415 343 2472 Rominos
364 2414 502 2471 auxilium
524 2416 734 2489 poposcerunt,
757 2418 864 2486 quiex
891 2430 999 2487 genere
1023 2413 1143 2472 Achillis

191 2519 332 2595 originem
354 2520 497 2578 trahebat.
541 2521 570 2577 Is
589 2519 677 2594 paulo
698 2527 765 2592 post
786 2517 817 2574 in
839 2518 953 2575 Italiam
975 2520 1054 2576 venit
1069 2528 1143 2577 tum·
1167 2554 1190 2601 15

190 2643 248 2700 que
269 2633 396 2700 primum
419 2627 547 2684 Romini
568 2645 636 2683 cum
661 2629 855 2682 trinsmarino
880 2623 965 2682 hoste
986 2625 1143 2684 dimicive-

189 2740 265 2789 runt.
308 2734 414 2790 Missus
443 2742 487 2790 est
511 2737 615 2790 contri
639 2749 707 2789 eum
737 2729 840 2789 consul
869 2730 987 2788 Pirblius
1011 2731 1144 2790 Valerius

190 2838 343 2908 Laevinus,
358 2843 490 2912 quicum
506 2837 704 2912 explositores
720 2837 820 2913 Pyrrhi
838 2837 974 2912 cepisset,
990 2836 1072 2894 iussit
1092 2842 1144 2895 eos

190 2960 244 3017 per
254 2953 349 3001 castra
360 2943 438 3015 dici,
448 2943 566 3001 ostendi
578 2960 698 3001 omnem
714 2944 875 3001 exercitum
891 2953 1012 3017 tumque
1027 2942 1144 3015 dimitti,

189 3057 222 3106 ut
232 3049 431 3106 renintiirent
444 3049 562 3122 Pyrrho,
577 3067 783 3124 quaecumque
795 3055 812 3108 i
828 3051 970 3107 Rominis
981 3059 1143 3124 agerentur.
1166 3085 1193 3115 20

190 3154 357 3212 Commissi
371 3173 440 3212 mox
454 3160 553 3229 pigui
573 3173 641 3212 cum
663 3155 721 3212 iam
744 3155 846 3229 Pyrrhi
867 3156 1012 3213 exercitus
1034 3155 1144 3229 pedem

190 3259 319 3331 referret,
335 3265 386 3317 rex
401 3260 574 3334 elephantis
589 3259 619 3317 in
635 3262 838 3318 Rominorum
859 3261 954 3319 aciem
976 3269 1023 3338 agi
1043 3262 1144 3334 iussit;

190 3374 312 3440 tumque
334 3370 446 3422 mitita
467 3375 510 3423 est
531 3366 635 3440 proelii
654 3367 781 3424 fortina.
825 3368 977 3425 Rominos
996 3374 1144 3426 vistomm

191 3487 349 3546 corporum
364 3471 457 3528 moles
472 3471 665 3545 terribilisque
681 3471 947 3546 superadstantium
966 3479 1144 3531 armitorum
