2742 3975
270 260 311 337 36
493 260 589 323 Urbr's
611 261 737 321 Romae
761 259 833 323 Viri
853 260 1004 321 Illustres

269 478 451 537 adulescenti
462 480 640 565 daspansam
650 498 724 551 esse,
735 486 878 538 arcessitis
890 479 1059 554 parentibus
1070 489 1101 537 et
1111 483 1220 553 spansa

269 604 336 643 eam
350 584 488 644 reddidit.
526 588 663 644 Parentes
677 586 805 661 virginis,
816 592 867 659 qni
881 584 919 642 ad
934 603 1001 642 eam
1015 583 1220 643 redimendam

269 691 337 749 satis
352 695 491 766 inagnum
506 698 566 748 anri
585 690 703 766 pondus
722 691 889 761 attulerant,
905 691 1073 765 Scipianem
1088 691 1219 762 arabant,

268 808 300 854 ut
322 796 353 854 id
375 803 393 855 a
414 802 445 855 εδ
466 797 578 855 danum
600 799 757 872 acciperet.
800 797 898 871 Scipia
917 815 1020 855 aurum
1037 806 1106 855 ante
1127 796 1220 871 pedas

234 932 244 979 5
268 908 339 977 pani
366 903 448 961 iussit
475 908 640 977 vocataque
668 902 706 960 ad
735 908 767 960 εδ
795 903 911 977 virginis
938 907 1057 977 spansa,
1099 904 1220 978 “Super

268 1008 400 1080 datem‚”
428 1010 531 1083 inquit,
558 1013 675 1083 “quam
704 1013 880 1083 accepturus
907 1014 925 1067 a
951 1014 1056 1068 socera
1081 1027 1122 1080 es,
1145 1009 1219 1067 haec

268 1114 321 1172 tibi
343 1120 360 1173 a
381 1120 429 1173 ma
450 1114 560 1173 datalia
581 1113 660 1173 dana
681 1115 855 1186 accadent‚”
878 1133 1039 1189 aurumque
1062 1115 1163 1173 tollere
1184 1132 1219 1172 ac

268 1221 324 1278 sibi
341 1220 450 1278 habere
472 1221 562 1279 iussit.
606 1221 659 1277 ille
680 1221 802 1278 domum
822 1239 954 1279 reversus
974 1220 1012 1278 ad
1033 1221 1220 1279 referendam

269 1326 398 1400 Scipiani
411 1327 532 1400 gratiam
548 1326 713 1385 Celtibaras
729 1328 870 1385 Ramanis
885 1327 1059 1385 conciliavit.

221 1461 247 1490 ιο
308 1431 427 1489 Deinde
446 1433 543 1506 Scipia
560 1431 778 1490 Hasdrubalem
792 1436 955 1490 victum-ex
970 1433 1115 1507 Hispania
1128 1451 1218 1507 expu-

268 1537 308 1595 lit.
352 1538 461 1596 Castris
487 1537 614 1596 hostium
640 1545 750 1612 potitus
773 1557 894 1597 omnem
915 1538 1058 1613 praedam
1080 1539 1219 1597 militibus

268 1626 423 1715 concessit,
439 1649 570 1717 captivas
587 1644 739 1718 Hispanas
754 1644 816 1701 sine
831 1644 927 1719 pretia
945 1644 1069 1702 domum
1091 1645 1218 1718 dimisit;

267 1734 352 1807 diras
365 1754 435 1806 vara
449 1750 538 1807 vendi
552 1750 643 1807 iussit.
687 1751 758 1807 Erat
775 1750 850 1807 inter
864 1756 916 1807 eas
930 1768 1004 1824 puer
1017 1750 1134 1808 adultus
1149 1752 1221 1825 regii

267 1855 391 1930 generis,
407 1854 501 1912 farma
521 1861 626 1929 insigni
636 1876 644 1927 3
666 1873 757 1929 quem
778 1873 846 1912 cnm
868 1861 1091 1930 percontaretur
1111 1857 1219 1931 Scipia,

220 1984 244 2032 15
267 1960 332 2036 quis
358 1969 387 2019 et
411 1961 491 2020 eilias
513 1971 598 2033 esset,
623 1970 653 2020 et
674 1966 726 2019 car
747 1959 778 2019 id
799 1961 902 2019 aetatis
923 1961 954 2018 in
975 1968 1077 2020 castris
1097 1962 1208 2036 inisset,

267 2067 428 2125 “Numida
449 2069 542 2139 sum,”
562 2068 657 2142 inquit
678 2086 760 2142 puer,
782 2069 971 2125 “Massivam
991 2068 1149 2142 popularas
1167 2086 1219 2126 vo-

267 2184 336 2230 cant
347 2195 355 2246 ς
391 2175 479 2232 orbus
507 2180 524 2232 a
552 2184 635 2248 patre
664 2174 790 2245 relictus,
819 2172 898 2247 apud
928 2192 1015 2232 avum
1044 2180 1219 2246 maternum,

268 2279 427 2337 Numidiae
450 2285 560 2354 regem,
583 2279 724 2337 Educatus
747 2297 822 2336 sum.
864 2280 942 2337 Cum
963 2279 1107 2338 avuncula
1129 2279 1219 2338 Masi-

267 2386 353 2457 nissa,
369 2392 419 2459 qui
432 2391 527 2460 naper
542 2383 672 2443 subsidia
693 2374 982 2458 Carthaginiensibus
996 2386 1086 2457 vaenit,
1101 2385 1131 2442 in
1148 2386 1219 2443 His·

218 2517 246 2548 ιο
267 2491 385 2566 paniam
407 2492 525 2562 traiaci3
547 2491 711 2565 prohibitus
733 2500 856 2564 propter
869 2497 1005 2548 aetatem
1024 2496 1042 2548 a
1064 2491 1221 2549 Masinissa

267 2615 427 2670 numquam
453 2606 520 2653 ante
546 2596 691 2670 proelium
716 2595 776 2653 inii.
828 2597 874 2653 Ea
899 2595 957 2667 dia,
973 2601 1033 2671 qua
1057 2602 1220 2672 pugnatum

268 2712 312 2761 est
333 2721 402 2759 cnm
423 2703 575 2773 Ramanis,
595 2702 689 2759 inscia
711 2702 853 2759 avuncula
876 2703 953 2759 clam
974 2709 1061 2761 armis
1083 2709 1220 2777 equaque

268 2814 385 2882 sumpta
404 2809 433 2864 in
455 2808 550 2865 aciem
572 2808 629 2865 exii
640 2829 647 2880 3
670 2808 710 2865 ibi
732 2808 870 2883 pralapsa
892 2814 969 2882 equa
991 2819 1094 2883 captus
1116 2815 1221 2866 suma

268 2915 439 2973 Ramanis’'
482 2915 580 2988 Scipia
590 2933 658 2971 eum
669 2914 838 2988 interrogat,
848 2915 975 2971 velletne
990 2914 1029 2972 ad
1044 2916 1221 2972 avunculum

231 3044 256 3090 ²5
268 3027 381 3078 reverti.
434 3020 511 3078 Cum
527 3019 625 3077 effusis
640 3018 749 3094 gaudia
766 3019 892 3076 lacrimis
913 3019 944 3076 id
964 3026 1034 3078 vara
1056 3026 1088 3078 εδ
1109 3039 1221 3095 cupere

268 3144 342 3200 puer
352 3124 472 3196 diceret,
485 3135 547 3182 tum
561 3126 659 3199 Scipia
674 3131 767 3200 puera
782 3126 901 3182 anulum
915 3145 1036 3184 aureum
1051 3144 1220 3201 equumque

268 3238 402 3290 amatum
425 3230 517 3289 danat
539 3230 683 3305 datisque,
703 3237 754 3304 qui
774 3237 838 3288 tuta
859 3231 1052 3304 dadacerent,
1073 3232 1221 3307 equitibus

269 3338 384 3395 dimisit.

309 3443 385 3500 Cum
409 3443 526 3500 Publius
548 3443 701 3500 Cornalius
723 3444 822 3517 Scipia
845 3448 876 3500 εδ
899 3451 967 3518 erga
989 3445 1140 3518 Hispanas
1160 3444 1221 3501 cla-
