2742 3975
253 325 295 387 68
474 318 572 383 Urbis
594 317 721 379 Romae
746 312 819 376 Viri
840 310 992 373 Illustres

256 444 1217 471 --—----——-—-—-

253 544 302 602 vix
324 542 395 600 data
418 538 546 615 pecunia
569 536 669 595 Evasit.
720 535 874 590 Postremo
898 546 953 603 per
975 530 1162 602 propinquos
1188 535 1221 583 et

254 648 372 707 adfines
400 651 468 704 suos
482 644 599 703 veniam
627 637 802 713 impetravit
845 634 920 694 Satis
944 638 1073 703 constat,
1095 631 1220 702 Sullam,

255 774 324 813 cum
347 749 576 828 deprecantibus
599 744 782 803 amicissimis
805 750 835 798 et
857 738 1050 797 eruitissimis
1070 736 1140 795 viris
1165 737 1219 793 ali-

256 858 398 935 quamdii
415 857 591 930 denegisset
609 861 698 925 atque
718 847 759 905 illi
778 844 969 922 pertinaciter
986 842 1220 914 contenderent,

222 976 232 1023 5
258 969 456 1039 expugnitum
478 958 598 1018 tandem
621 954 828 1031 proclamisse,
842 951 1005 1021 vincerent,
1027 948 1102 1006 dum
1124 948 1221 1005 modo

258 1077 374 1139 scirent,
396 1086 473 1138 eum,
496 1082 586 1139 quem
612 1058 791 1117 incolumem
813 1066 967 1129 tantopere
989 1063 1146 1128 cuperent,
1166 1053 1220 1110 ali-

258 1173 378 1250 quando
401 1170 588 1247 optimatium
612 1165 753 1241 partibus,
775 1167 848 1236 quas
872 1165 974 1218 secum
999 1160 1087 1217 simul
1112 1158 1220 1216 dilen-

259 1280 380 1350 dissent,
409 1277 499 1335 exitio
527 1275 675 1341 sutirum,
711 1286 781 1326 nam
809 1267 930 1325 Caesari
962 1265 1072 1323 multos
1103 1264 1220 1323 Marios

259 1387 364 1442 inesse.
573 1382 575 1387 ’

213 1509 240 1541 ιο
300 1487 452 1562 Stipendia
486 1491 581 1559 prima
615 1481 645 1537 in
679 1479 749 1536 Asia't
783 1477 866 1535 fecit.
923 1478 960 1534 In
994 1477 1220 1551 expignatione

261 1595 468 1669 Mitylenarum
492 1592 603 1647 corona
626 1585 719 1643 civica
742 1583 869 1642 donatus
894 1591 947 1640 est.
991 1584 1113 1640 Mortui
1139 1583 1223 1641 Sulla

261 1698 403 1759 Rhodum
426 1684 568 1755 secedere
592 1690 701 1761 statuit,
722 1699 754 1747 ut
775 1706 829 1763 per
849 1688 943 1746 otium
961 1678 1221 1763 Apollonio'Mo·

261 1807 330 1876 loni,
356 1814 425 1861 tunc
453 1798 615 1857 clarissimo
643 1793 763 1854 dicendi
791 1794 939 1869 magistro,
968 1812 1093 1869 operam
1123 1797 1221 1855 daret.

263 1914 333 1969 Hic
357 1908 428 1967 dum
454 1904 559 1975 traicit,
582 1907 600 1959 a
622 1899 820 1977 praedonibus
844 1910 948 1975 captus
976 1911 1022 1959 est
1050 1904 1222 1978 mansitque

215 2037 239 2084 ιε
262 2016 342 2092 apud
370 2020 422 2073 eos
449 2027 544 2088 prope
573 2006 767 2083 quadriginti
793 2005 866 2064 dies.
913 2009 970 2065 Per
997 2027 1089 2068 omne
1118 2021 1221 2069 autem

262 2123 334 2181 illud
363 2120 488 2196 spatium
518 2116 559 2173 ita
586 2118 617 2172 se
645 2113 743 2188 gessit,
771 2121 803 2169 ut
833 2118 933 2187 piratis
967 2114 1079 2189 pariter
1113 2121 1223 2176 terrori

262 2227 502 2298 venerationique
536 2229 621 2277 esset.
664 2217 797 2277 Comites
831 2218 948 2276 interim
983 2227 1144 2296 servosque
1181 2225 1223 2282 ad

263 2329 464 2409 expediendis
485 2324 635 2402 peciolas,
657 2323 763 2398 quibus
785 2323 986 2396 redimeretur,
1005 2325 1126 2386 dimisit.
1169 2330 1222 2387 Ἧ-

262 2441 335 2516 ginti
365 2437 475 2495 talenta
509 2434 619 2506 piritae
655 2417 892 2504 postulaverant,
926 2431 975 2489 ille
1003 2436 1224 2510 quinquaginta

213 2568 242 2599 ιο
263 2547 400 2605 datiuum
423 2545 455 2599 se
478 2535 649 2613 spopondit.
692 2535 807 2609 Quibus
829 2543 988 2595 numeratis
1009 2557 1078 2596 cum
1101 2543 1222 2615 exposi-

263 2663 308 2711 tus
324 2658 402 2710 esset
416 2647 447 2705 in
461 2646 555 2712 litore,
571 2640 727 2699 confestim
743 2641 888 2711 Militum,
903 2660 979 2716 quae
993 2645 1063 2702 urbs
1082 2647 1224 2720 proxime}

262 2761 372 2828 aberat,
402 2748 572 2829 properivit
599 2747 699 2821 ibique
727 2752 878 2804 contracti
902 2749 1004 2822 classe,
1029 2750 1165 2810 invectus
1191 2753 1224 2811 in

263 2884 331 2925 eum
352 2865 462 2931 locum,
477 2858 507 2914 in
529 2858 589 2929 qui)
610 2853 665 2927 ipsi
685 2851 851 2927 praedones
873 2863 964 2925 erant,
980 2865 1096 2929 partem
1117 2857 1224 2918 classis

262 2971 381 3048 fugivit,
403 2975 519 3043 partem
550 2959 659 3030 mersit,
685 2958 797 3032 aliquot
825 2963 913 3017 naves
941 2961 1021 3035 cepit
1049 2968 1224 3038 piratisque

213 3102 239 3148 25
261 3081 292 3138 in
320 3079 500 3154 potestatem
529 3066 665 3126 redactos
694 3069 731 3122 eo
759 3064 913 3140 supplicio,
935 3065 1017 3140 quod
1045 3067 1100 3125 illis
1129 3087 1224 3146 saepe

262 3190 388 3245 minatus
409 3181 486 3240 inter
506 3177 606 3236 iocum
629 3181 701 3244 erat,
716 3168 830 3228 adfecit
850 3177 989 3246 crucique
1009 3173 1130 3232 suffixit.

427 3310 546 3321 “—

261 3390 282 3422 a.
298 3373 401 3427 adfinis,
412 3371 526 3414 relations
539 3366 582 3425 (by
593 3360 733 3418 marriage).
785 3373 820 3415 24»
836 3359 924 3412 mersit,
935 3360 1000 3405 rank.

262 3463 282 3508 5.
298 3449 426 3500 vincerent,
444 3447 496 3490 that
512 3445 563 3499 they
581 3440 659 3497 mz'ght
675 3439 736 3481 have
785 3435 820 3479 26.
836 3437 939 3478 minitus
950 3441 1007 3488 erat,
1017 3435 1228 3486 hadthreatem

329 3523 392 3566 their
402 3533 459 3576 way.
