2742 3975
529 286 669 349 Manius
695 284 816 350 Curius

449 567 550 621 XIII.
582 568 730 621 Martius
750 567 892 623 Curius.

236 720 353 779 Meuius
368 720 473 779 Curius
491 726 594 779 contre
614 722 759 779 SamnItes
781 721 931 796 profectus
952 726 1003 780 eos
1024 721 1148 797 ingenti-

195 828 249 885 bus
277 826 396 901 proeliis
424 826 502 884 vicit.
546 828 582 883 In
606 832 666 900 que
690 828 769 885 belle
793 845 862 884 cum
886 827 1064 902 permultum
1089 834 1149 903 agri

196 932 407 1008 hominumque
436 932 594 990 meximam
623 932 682 989 vim
711 932 848 1007 cepisset,
874 933 937 1007 ipse
966 932 1036 990 inde
1065 932 1149 991 diteri

195 1038 272 1097 adeo
299 1038 402 1110 neluit,
427 1048 468 1109 ut,
496 1056 566 1095 cum
594 1038 771 1096 interversae
798 1039 942 1113 pectiniae
970 1043 1148 1114 argueretur,

195 1144 293 1203 catille
314 1145 420 1219 lignee,
442 1149 502 1218 que
523 1148 565 1202 riti
586 1143 624 1202 ad
647 1144 790 1202 sacrificia
811 1149 1013 1216 censueverat,
1035 1145 1065 1201 in
1087 1162 1147 1202 me·
1170 1171 1181 1219 5

195 1250 278 1308 dium
298 1250 412 1325 prelete
433 1250 550 1321 niteret,
568 1254 600 1308 se
620 1250 693 1307 nihil
712 1250 838 1324 amplius
860 1250 899 1307 de
920 1249 1032 1325 praede
1052 1250 1149 1308 hostili

196 1356 227 1413 in
240 1355 363 1414 domum
378 1375 460 1414 suam
475 1356 664 1414 convertisse.
707 1356 797 1414 Curie
812 1356 850 1414 ad
866 1356 965 1414 socum
982 1354 1098 1413 sedenti
1117 1357 1148 1413 in

196 1468 302 1537 agresti
314 1467 435 1519 scamne
451 1471 480 1519 et
495 1480 532 1519 ex
545 1461 649 1547 lignee·
662 1461 762 1519 catille
780 1466 898 1519 cenanti
918 1480 986 1519 cum
1009 1468 1147 1537 megnum

195 1574 257 1625 auri
277 1567 395 1643 pondus
417 1568 561 1627 Samnites
581 1568 755 1639 attulissent,
776 1566 923 1643 repudieti
943 1569 982 1625 ab
1003 1573 1039 1625 ee
1061 1577 1128 1625 sunt
1138 1588 1146 1640 ;

193 1674 348 1732 nonenim
364 1692 466 1731 aurum
481 1674 590 1733 habere
605 1674 660 1731 sibi
679 1674 863 1749 praeclrirum
882 1674 976 1732 videri
996 1673 1078 1746 dixit,
1094 1672 1147 1731 sed
1170 1702 1195 1733 ιο

195 1786 245 1851 eis,
257 1786 308 1853 qui
321 1780 465 1838 haberent
479 1798 591 1851 aurum,
603 1780 757 1853 imperite.
801 1780 870 1854 Que
885 1784 1027 1854 response
1043 1780 1147 1838 Curius

195 1886 371 1943 Samnitibus
392 1884 531 1957 ostendit,
546 1890 578 1943 se
600 1903 697 1960 neque
719 1886 783 1943 acie
804 1887 882 1943 vinci
902 1903 1000 1960 neque
1022 1886 1148 1961 pectini}

196 1998 344 2067 corrumpi
358 2010 453 2067 posse.
488 1994 558 2067 Agri
572 1999 651 2066 capti
664 1997 789 2066 septena
802 1993 902 2068 irigera
916 1992 1027 2067 popule
1041 1993 1147 2050 viritim

195 2097 309 2170 divisit;
332 2115 459 2172 cumque
473 2097 529 2172 ipsi
542 2103 659 2156 senetus
673 2098 775 2173 iugera
789 2099 999 2173 quinquegintzi
1013 2097 1145 2174 adsigne-

194 2205 328 2279 ret,pli1s
349 2204 484 2279 accipere
506 2203 607 2275 neluit,
627 2221 716 2278 quam
738 2204 856 2279 singulis
878 2204 989 2262 civibus
1011 2215 1074 2262 erat
1095 2205 1146 2262 da·
1169 2228 1194 2276 15

194 2320 267 2381 tum,
295 2309 427 2383 dixitque
456 2309 654 2384 pemiciesum
682 2327 748 2367 esse
776 2316 880 2382 civem,
909 2316 960 2385 qui
990 2316 1037 2382 ee,
1053 2310 1147 2385 quod

195 2415 312 2490 reliquis
333 2415 516 2487 tribueretur,
538 2425 696 2474 contentus
718 2421 778 2473 nen
800 2427 886 2477 esset.

237 2523 350 2592 Posteti,
366 2522 468 2579 censul
492 2527 616 2593 creetus,
631 2522 771 2580 adversus
794 2522 935 2598 Pyrrhum
958 2525 1062 2580 missus
1082 2531 1127 2579 est
1137 2542 1146 2594 ;

194 2645 322 2701 cumque
336 2628 367 2684 in
382 2627 530 2702 Capitolie
545 2626 695 2686 delectum
710 2628 832 2686 haberet
854 2638 884 2685 et
904 2629 1032 2686 iuniores
1047 2627 1147 2686 taedie

194 2733 264 2791 belli
277 2734 398 2791 nemina
416 2738 476 2790 nen
491 2732 605 2805 darent,
621 2735 763 2792 coniectis
778 2735 808 2791 in
822 2739 925 2791 rimam
943 2734 1076 2791 omnium
1097 2733 1146 2790 tri·
1167 2759 1195 2790 20

195 2839 285 2898 buum
308 2839 476 2898 neminibus
500 2845 626 2913 primum
649 2845 759 2897 nomen
781 2844 854 2897 rime
876 2845 1037 2897 extrectum
1066 2839 1148 2896 citeri

194 2945 284 3016 iussit,
306 2955 337 3002 et
360 2963 429 3002 cum
458 2944 631 3016 adulescens
658 2950 720 3002 nen
748 2929 949 3020 responderet,
978 2945 1058 3003 bona
1085 2946 1146 3003 eius

195 3049 295 3108 hastae
318 3050 442 3108 subiecit
453 3072 461 3123 3
485 3049 604 3122 deinde,
619 3069 688 3108 cum
708 3051 732 3108 is
751 3061 871 3125 questus
894 3049 933 3108 de
955 3050 1059 3109 imerii
1076 3057 1145 3108 cen-

194 3157 262 3214 sulis
278 3157 409 3216 tribiines
427 3157 521 3232 plebis
543 3157 729 3232 appellesset,
746 3157 842 3231 ipsum
864 3174 982 3230 quoque
1002 3156 1146 3227 vendidit,

193 3262 267 3320 nihil
288 3281 363 3338 opus
385 3281 448 3321 esse
470 3262 647 3337 reipirblicae
670 3267 707 3320 ee
729 3268 801 3334 eive,
816 3268 867 3336 qui
887 3268 1013 3320 nesciret
1033 3267 1146 3337 perere,
1167 3285 1193 3333 ²5

195 3368 305 3427 dicens.
343 3370 450 3442 Neque
464 3369 572 3428 tribimi
586 3367 679 3444 plebis
694 3367 876 3426 adulescenti
889 3368 995 3425 auxilie
1010 3369 1145 3439 fuerunt;

195 3481 357 3550 posteeque
383 3480 428 3533 res
453 3475 482 3532 in
508 3473 753 3533 consuetudinem
782 3475 862 3545 abiit,
887 3483 919 3530 ut
947 3473 1065 3533 delectu
1092 3480 1146 3532 rite
