2742 3975
578 274 749 366 Romulus¹
1119 323 1135 385 3

185 522 264 583 fecit.
317 524 356 583 Et
389 524 487 583 statim
515 530 552 583 ed
581 530 654 582 mira
681 531 723 583 vis
751 526 899 583 latrdnum
926 531 1137 601 pistdrumque

185 628 324 705 cdnfugit.
368 631 445 689 Cum
462 633 532 687 verti
551 634 656 689 uxtirfis
675 630 739 705 ipse
756 618 942 706 populusque
963 635 1025 689 ndu
1047 630 1136 691 habe-

185 744 258 806 rent,
281 736 392 811 legittis
417 735 496 793 circi
518 740 627 793 vicinis
652 739 756 811 gentes
781 738 868 809 misit,
889 742 941 811 qui
965 738 1137 797 societitem
1213 770 1215 775 ·

184 840 404 915 crinirbiumque
425 845 503 899 novi>
524 841 636 917 populi>
653 852 798 917 peterent.
841 843 996 918 Ntisquam
1010 844 1138 920 benigni

185 945 284 1004 audIta
304 946 411 1021 legetis>
432 956 477 1005 est
487 967 496 1020 ;
517 946 676 1006 ludibrium
692 948 781 1005 etiam
796 947 950 1007 additum:
973 950 1061 1009 “Cirr
1078 956 1138 1009 utin
1175 977 1185 1023 5

186 1052 301 1111 seminis
328 1070 447 1127 quoque
479 1044 590 1128 asilum
618 1054 792 1129 aperuistis?
844 1054 881 1113 Id
908 1056 988 1113 enim
1015 1062 1139 1132 compsit

185 1159 261 1217 soret
288 1158 477 1217 cenubiumss'
530 1160 684 1231 Remulus,
706 1160 938 1235 aegritudinem·
955 1162 1046 1219 animi
1079 1162 1137 1221 dis-

185 1265 333 1336 simulans,
354 1263 440 1325 ludds
462 1274 544 1339 parat
554 1285 563 1338 ;
589 1264 679 1323 indici
700 1265 811 1324 deinde
833 1266 965 1325 finitimis
986 1274 1137 1343 specticu-

185 1372 246 1429 lum
280 1369 370 1430 iubet.
423 1370 510 1428 Multi
542 1375 708 1429 convenere
744 1371 842 1431 studid
873 1374 961 1431 etiam
991 1374 1138 1433 videndae

185 1495 279 1536 novae
303 1477 391 1549 urbis,
414 1478 541 1535 maixime
566 1478 665 1536 Sabini
691 1495 760 1535 cum
785 1478 881 1537 liberis
906 1490 936 1536 et
957 1480 1139 1555 coniugibus.
1162 1516 1188 1545 10
1220 1458 1223 1462 ”

185 1584 246 1644 Ubi
270 1583 431 1659 specticuli
458 1594 576 1659 tempus
604 1584 685 1643 venit
713 1588 810 1659 eisque
838 1603 997 1643 conversae
1025 1591 1140 1644 mentes

185 1708 254 1749 cum
275 1690 366 1748 oculis
388 1699 479 1761 erant,
502 1699 565 1747 tum
587 1693 669 1765 signd
693 1688 766 1749 dats>
788 1690 907 1749 iuvenes
932 1692 1061 1777 Rdmini
1080 1691 1138 1749 dis-

185 1807 313 1870 currunt,
331 1795 456 1873 virgines
477 1796 602 1871 rapiunt.

227 1905 313 1962 Haec
329 1904 382 1963 fuit
396 1904 495 1961 statim
510 1920 598 1961 causa
613 1902 691 1960 belli.
734 1902 833 1961 Sabini
853 1903 933 1960 enim
954 1903 994 1961 ob
1015 1903 1140 1979 virgines

186 2017 282 2086 raptis
308 2011 416 2070 bellum
446 2009 585 2068 adversus
612 2010 765 2066 Ruminds
794 2013 988 2083 sumpsemnt,
1014 2019 1044 2067 et
1072 2029 1139 2067 curn
1163 2037 1187 2084 ις

186 2119 301 2176 Κόῐῐιαε
323 2121 603 2192 appropinquirent,
619 2116 777 2190 Tarpeiam
800 2115 943 2190 virginem
963 2122 1044 2173 nacti
1064 2126 1139 2187 sunt,

186 2240 261 2298 quae
290 2241 397 2297 aquam
416 2221 495 2281 forte
521 2227 603 2280 extri
628 2221 746 2278 moenia
772 2227 897 2294 petitum
920 2221 1000 2278 ierat.
1042 2222 1140 2279 Huius

185 2338 270 2404 pater
290 2330 445 2387 Rdminae
467 2337 602 2403 praeerat
623 2332 690 2385 arci.
734 2327 819 2384 Titus
840 2326 951 2397 Tatius,
967 2326 1140 2385 Sabindrurn

185 2432 255 2507 dux,
283 2435 427 2510 Tarpeiae
456 2435 610 2508 optidnem
640 2433 769 2491 muneris
798 2432 893 2504 dedit,
923 2438 947 2490 si
979 2432 1140 2490 exercitum

186 2559 270 2599 suum
295 2541 326 2598 in
350 2540 530 2616 Capitdlium
555 2539 749 2614 perdixisset.
795 2539 849 2597 ilia
870 2537 964 2613 petiit,
987 2537 1067 2612 quod
1090 2540 1139 2596 Sa-
1163 2569 1190 2598 20

185 2646 246 2705 bini
259 2647 290 2704 in
305 2647 424 2706 sinistris
439 2646 573 2704 manibus
593 2655 737 2721 gererent,
753 2643 891 2702 videlicet
913 2647 1018 2701 aurens
1039 2645 1140 2702 inultis

186 2762 216 2811 et
230 2753 363 2810 armillis.
407 2753 520 2826 Quibus
535 2751 639 2809 doldse
654 2755 812 2826 premissis,
829 2749 956 2824 Tarpeia
971 2750 1093 2808 Sabinds
1110 2750 1140 2806 in

185 2876 284 2917 arcem
299 2858 446 2934 perduxit,
461 2859 511 2917 ubi
532 2858 633 2916 Tatius
655 2845 744 2915 seritis
764 2874 831 2914 eam
851 2856 935 2914 obrui
949 2856 1030 2914 iussit
1041 2877 1049 2927 ;
1070 2875 1140 2913 nam

186 2973 216 3022 et
244 2981 280 3022 ea
307 2964 337 3021 in
364 2964 453 3022 laevis
482 2964 653 3021 habuerant.
697 2963 744 3021 Sic
757 2945 759 2947 ’
773 2960 864 3037 impia
894 2960 1024 3036 prddititi
1052 2961 1141 3019 celeri

186 3074 283 3143 poeni
302 3068 450 3128 vindicita
471 3079 524 3127 est.
1162 3107 1187 3152 25

227 3173 345 3233 Deinde
378 3174 521 3234 Rdmulus
555 3175 592 3232 ad
625 3179 777 3232 certimen
804 3173 956 3249 prdcessit,
987 3184 1017 3230 et
1045 3173 1075 3229 in
1104 3177 1141 3230 ei>

187 3279 262 3353 locri,
277 3279 327 3340 ubi
342 3298 420 3338 nunc
438 3280 607 3341 Rdminum
628 3280 738 3338 Forum
760 3289 814 3351 est,
829 3283 959 3355 pugnam
982 3279 1138 3337 cdnseruit.

189 3387 284 3444 Primii
306 3387 419 3461 impeti
440 3386 483 3444 vir
503 3387 579 3444 inter
600 3387 753 3444 Rdmimis
771 3386 900 3460 insignis,
918 3385 1038 3443 mimine
1060 3384 1138 3442 Hos-

188 3491 272 3564 tilius,
288 3491 444 3550 fortissime
459 3490 602 3549 dimicins
617 3491 745 3563 cecidit,
768 3491 850 3548 cirins
868 3489 986 3548 interitu
1008 3495 1138 3547 cdnster-
