2742 3975
392 286 536 352 Publius
562 286 730 351 Cornelius
760 288 868 370 Scipio
1010 378 1021 390 „
1055 306 1093 371 35

144 516 224 569 saras
235 532 243 583 3
271 516 405 585 quinon
428 510 573 581 iaraverit,
596 510 627 568 in
650 516 681 568 sa
705 511 782 568 hunc
807 511 939 595 gladium
963 513 1096 572 strictum

144 634 205 675 esse
220 616 322 674 sciat.”
366 614 457 673 Haud
472 634 556 673 secus
571 616 679 690 pavidi,
695 634 784 691 quam
806 623 830 674 si
847 619 989 676 victarem
1011 622 1094 679 Han·

142 722 270 780 nibalem
287 731 451 794 cernerent,
465 722 561 779 iarant
582 726 685 780 omnas
708 722 980 800 custadiendasque
1001 731 1096 787 samet

142 830 220 903 ipsas
235 828 365 903 Scipioni
379 826 507 885 tradunt.

182 934 259 993 Cum
275 936 402 991 Ramani
416 932 488 991 duas
504 932 603 991 clades
618 934 649 991 in
664 935 810 1009 Hispania
824 939 1008 1013 accepissent
1021 940 1095 999 duo·
1132 956 1142 1003 5

142 1058 198 1115 que
214 1039 255 1097 ibi
269 1046 376 1097 summi
389 1040 581 1114 imperataras
599 1040 674 1098 intra
689 1040 753 1099 dias
772 1044 888 1119 triginta
909 1046 1095 1119 cecidissent,

143 1146 251 1221 placuit
271 1146 433 1203 exercitum
455 1149 555 1219 augari
576 1151 671 1219 eaque
694 1151 901 1222 proconsulem
923 1151 1017 1223 mitti;
1038 1170 1095 1210 nec

142 1263 242 1311 tamen
255 1269 344 1326 quem
360 1252 521 1323 mitterent,
537 1252 606 1309 satis
623 1255 786 1313 constabat.
826 1258 871 1314 Ea
885 1255 924 1315 da
938 1263 969 1315 ra
984 1258 1096 1315 indicta

143 1368 208 1417 sunt
222 1358 351 1417 comitia.
385 1360 482 1415 Prima
497 1359 624 1433 populus
639 1362 837 1436 exspectabat,
849 1373 890 1433 ut,
902 1370 952 1438 qui
966 1368 997 1421 sa
1012 1370 1095 1422 tanta

142 1464 244 1540 dignas
256 1465 381 1539 imperia
392 1464 557 1539 crederent,
565 1466 686 1525 namina
695 1468 903 1542 profiterentur
913 1490 921 1541 3
943 1469 997 1527 sed
1006 1475 1094 1528 namo
1118 1493 1143 1523 10

141 1570 269 1629 audabat
285 1570 357 1629 illud
379 1572 535 1646 imperium
557 1574 715 1648 suscipere,
758 1576 873 1632 Maesta
894 1575 980 1649 igitur
994 1577 1093 1633 civitas

142 1696 176 1735 ac
198 1696 292 1753 prope
313 1679 399 1753 inops
421 1679 536 1737 cansilii
556 1680 743 1737 comitiorum
766 1679 814 1737 dia
835 1681 866 1737 in
884 1698 1023 1755 campum
1041 1681 1093 1739 da-

142 1785 267 1843 seendit.
309 1785 411 1844 Subita
434 1787 466 1843 P.
487 1785 641 1844 Cornelius
662 1786 769 1860 Scipia,
785 1795 923 1859 quattuor
944 1796 974 1844 et
994 1788 1095 1861 viginti

141 1893 233 1950 ferma
247 1898 339 1950 annas
353 1898 446 1964 natuS,
462 1892 609 1966 professus
624 1896 655 1949 sa
670 1900 782 1966 petere,
798 1892 827 1948 in
842 1892 1001 1966 superiare,
1012 1893 1093 1951 unde

141 2000 272 2074 canspici
286 2009 394 2074 posset,
409 2000 477 2068 loca
499 1998 640 2056 canstitit.
683 1999 720 2054 In
740 2016 828 2072 quem
851 2009 1008 2073 postquam
1030 2018 1092 2057 om·
1116 2029 1140 2074 ις

140 2105 221 2164 nium
242 2111 294 2163 ara
314 2123 456 2164 conversa
478 2115 555 2176 sunt,
570 2103 609 2161 ad
631 2109 723 2162 anum
746 2109 849 2166 omnes
872 2105 1039 2179 Scipianem
1063 2106 1092 2162 in

101 2205 106 2217 '
141 2212 287 2286 Hispania
301 2211 508 2286 pracansulem
524 2229 587 2268 esse
603 2210 757 2268 iusserunt.
799 2213 838 2267 At
852 2221 1009 2286 postquam
1031 2213 1091 2268 ani-

140 2323 255 2376 marum
270 2318 397 2393 impetus
415 2316 533 2388 resadit,
548 2317 691 2391 populum
713 2317 881 2373 Ramanum
893 2318 1003 2391 coepit
1024 2318 1093 2375 facti

139 2424 289 2498 paenitare
300 2445 309 2496 3
338 2429 426 2481 'aetati
448 2423 593 2497 Scipionis
616 2422 743 2479 maxima
765 2420 950 2480 diffidebant.
1001 2423 1091 2496 Quod

138 2529 190 2588 ubi
214 2528 422 2587 animadvertit
450 2529 557 2604 Scipia,
583 2526 728 2586 advocata
755 2528 894 2586 cantione
919 2529 970 2585 ita*
984 2535 1091 2603 magna
1113 2552 1141 2582 20

138 2635 275 2710 alataque
290 2635 389 2693 anima
404 2634 443 2693 da
457 2635 544 2706 bella,
560 2634 641 2709 quod
663 2633 826 2709 gerendum
845 2644 931 2705 esset,
946 2634 1091 2706 disseruit,

136 2751 170 2798 ut
184 2740 319 2799 homines
334 2746 403 2799 cara
417 2741 551 2799 liberaret
565 2745 676 2815 sp‘e'que
692 2740 854 2797 certissima
868 2740 1011 2814 impleret.

179 2847 331 2904 Profectus
346 2847 432 2921 igitur
446 2847 477 2904 in
493 2846 669 2921 Hispaniam
684 2846 782 2920 Scipia
798 2846 1006 2921 Carthaginem
1029 2849 1090 2906 No-

136 2971 214 3023 vam,
240 2957 300 3026 qua
325 2952 374 3010 dia
398 2953 487 3023 venit,
513 2951 700 3026 expagnavit.
756 2952 800 3008 Ea
825 2962 984 3026 congestae
1009 2965 1092 3011 erant

135 3062 242 3116 omnes
266 3075 362 3132 paene
386 3044 503 3116 Africae
529 3067 559 3116 et
584 3057 747 3131 Hispaniae
770 3060 851 3132 op'e's,
873 3057 914 3115 ibi
939 3077 1028 3130 arma,
1051 3060 1090 3118 ibi
1112 3079 1138 3125 25

134 3164 273 3239 pecania,
286 3164 327 3223 ibi
341 3168 429 3223 tatius
444 3164 608 3238 Hispaniae
623 3162 743 3221 obsides
758 3173 859 3235 erant,
874 3164 982 3237 quibus
997 3166 1090 3222 omni·

134 3270 192 3329 bus
210 3275 320 3344 potitus
341 3279 385 3328 est
406 3269 513 3344 Scipia.
556 3271 637 3327 Inter
658 3273 789 3343 captivas
810 3268 849 3326 ad
872 3287 939 3327 eum
961 3269 1092 3328 adducta

134 3386 183 3435 est
206 3376 330 3434 eximiae
353 3375 466 3434 ffirmae
490 3375 592 3434 adulta
613 3375 704 3451 virga.
748 3376 845 3449 Quam
870 3376 921 3435 ubi
946 3378 1091 3451 comperit

133 3482 250 3540 inlastri
264 3481 330 3539 loca
345 3482 420 3539 inter
431 3481 595 3540 Celtibaras
606 3487 706 3539 natam
720 3483 904 3556 principique
919 3481 981 3539 aius
996 3484 1090 3557 gentis
