2742 3975
464 279 569 341 Gaius
592 278 703 364 lulius
727 279 849 343 Caesar
1088 293 1126 359 71

179 508 332 561 manarum
363 502 487 559 militum
520 502 644 576 insignia
670 506 832 572 narrantur,
858 511 920 559 turn
948 500 1020 559 illud
1048 506 1129 578 agre·

177 610 257 684 gium
279 609 368 683 ipsius
393 607 537 678 Caesaris
562 607 643 681 quod
665 612 787 665 natante
809 607 839 663 in
864 586 963 683 fugam
990 609 1130 678 exercita,

178 720 264 791 rapta
282 713 419 790 fugientis
441 718 457 771 a
479 718 567 771 manti
589 717 682 783 scrita,
698 714 728 770 in
745 718 870 787 primam
891 712 1015 772 volitans
1035 713 1131 771 aciem

179 821 324 895 proelium
351 819 485 878 restituit.
535 804 625 877 idern
650 819 708 877 alia
737 818 850 893 proelia
878 819 1002 893 legianis
1028 819 1129 894 aquili·

179 928 273 984 ferum
300 925 448 984 ineundae
475 926 561 1000 fugae
590 929 678 982 causa
706 924 765 982 iam
796 943 970 983 conversum
999 925 1132 985 faucibus
1167 952 1177 999 ς

179 1033 426 1107 comprehansum
449 1031 480 1089 in
501 1030 678 1089 contrariam
702 1039 816 1104 partem
837 1030 963 1089 datraxit
983 1031 1130 1089 dextram-

179 1156 237 1212 que
257 1137 295 1195 ad
317 1137 434 1195 hostem
456 1136 591 1208 tendans,
624 1136 800 1209 “Quarsum
822 1138 882 1206 tir,'’
902 1136 1005 1211 inquit,
1020 1141 1038 1167 “
1048 1136 1133 1195 abis?

180 1243 243 1301 Illic
267 1253 343 1313 sunt,
365 1262 433 1299 cum
456 1242 562 1317 quibus
590 1242 793 1300 dimicamus.’'
836 1242 903 1315 Qua
926 1240 1131 1300 adhortatiane

179 1349 311 1407 omniurn
339 1348 488 1424 legianum
514 1347 744 1423 trepidatianem
768 1348 895 1405 corraxit
920 1348 1055 1423 vincique
1079 1366 1130 1423 pa·

180 1460 255 1513 ratas
276 1454 394 1511 vincere
416 1453 526 1512 docuit.
1154 1488 1181 1520 ,ο

221 1561 382 1618 Interfecta
407 1560 519 1617 interea
545 1559 625 1634 apud
655 1559 778 1618 Parthas
800 1559 907 1617 Crassa
932 1569 962 1617 et
986 1559 1133 1644 daiancta

180 1666 263 1738 Ialia,
279 1666 413 1725 Caesaris
432 1665 504 1737 tilia,
526 1683 612 1739 quae,
636 1670 729 1740 napta
753 1666 905 1739 Pompeia,
927 1671 1027 1740 generi
1048 1683 1131 1724 soce-

179 1778 261 1846 rique
275 1770 469 1829 concordiam
484 1771 614 1841 tenabat,
629 1771 728 1828 statim
746 1771 904 1828 aemularis)
919 1772 1024 1845 arripit.
1067 1773 1132 1829 Iam

179 1877 295 1951 pridem
325 1878 468 1951 Pompaia
497 1887 651 1951 suspectae
681 1877 815 1936 Caesaris
843 1881 916 1951 opas
949 1887 979 1935 et
1014 1878 1133 1935 Caesari

180 1982 361 2058 Pompaiana
384 1982 510 2059 dignitas
534 1982 636 2058 gravis,
655 2001 711 2041 nec
736 1983 782 2042 hic
808 1984 921 2042 ferabat
944 2002 1056 2059 parem,
1076 2002 1132 2042 nec
1155 2004 1179 2053 ις

179 2090 227 2148 ille
252 2089 445 2164 superiarem.
487 2091 592 2164 Itaque
617 2108 685 2147 cum
709 2068 820 2148 Caesar
843 2091 874 2148 in
898 2091 995 2151 Gallia
1018 2090 1131 2150 datina·

180 2200 268 2268 ratur,
298 2205 336 2266 et,
365 2200 403 2253 na
431 2195 606 2269 imperfecta
634 2196 713 2253 bella
742 2194 919 2267 discaderet,
948 2198 1132 2271 postulasset,

179 2310 212 2358 ut
246 2301 302 2360 sibi
336 2301 447 2372 liceret,
479 2307 610 2376 quamvis
639 2301 762 2373 absenti,
791 2303 914 2360 aiterum
950 2303 1134 2361 cansulatum

179 2415 291 2482 petere,
319 2412 337 2464 a
364 2411 467 2464 senata
495 2407 685 2466 suadentibus
714 2409 857 2483 Pompaia
885 2409 1005 2483 aiusque
1033 2414 1134 2466 amicis

179 2519 319 2588 negatum
344 2519 371 2570 ei
393 2523 446 2571 est.
490 2515 580 2570 Hanc
602 2513 737 2571 iniariam
759 2523 913 2588 acceptam
934 2515 1134 2572 vindicatams
1154 2537 1183 2569 20

180 2619 211 2676 in
233 2618 348 2676 Italiam
370 2618 457 2676 rediit
478 2628 508 2676 et
529 2618 698 2700 bellandum
721 2629 799 2678 ratus
814 2639 882 2677 cum
897 2621 1027 2678 exercita
1041 2620 1133 2679 Rubi-

180 2729 289 2782 canem
318 2724 437 2795 flumen,
463 2730 514 2798 qui
538 2725 706 2799 pravinciae
732 2725 795 2783 aius
821 2726 890 2783 finis
918 2735 990 2797 erat,
1012 2726 1133 2784 transiit.

183 2831 251 2887 Hac
279 2829 317 2888 ad
343 2830 452 2887 flamen
478 2831 597 2904 paulum
622 2831 789 2888 canstitisse
812 2832 903 2889 fertur
927 2850 962 2889 ac
987 2837 1134 2906 reputans,

181 2945 322 3010 quantum
351 2936 510 3006 maliratur,
534 2954 693 2994 conversus
728 2935 767 2994 ad
802 2938 961 3011 proximas,
1007 2937 1135 2994 “Etiam

181 3042 289 3113 nunc,''
311 3040 415 3115 inquit,
437 3041 582 3115 “regredi
603 3058 759 3115 possumus
770 3062 778 3113 ;
804 3042 885 3116 quod
907 3049 931 3100 si
952 3042 1136 3117 ponticulum
1156 3059 1183 3106 25

181 3145 388 3218 transierimus,
419 3145 519 3204 omnia
553 3152 640 3204 armis
671 3146 788 3222 agenda
816 3149 929 3205 erunt.”
982 3149 1136 3206 Postrama

182 3349 201 3378 2.
217 3334 420 3391 natantegivr'ng
428 3347 486 3391 way.
687 3346 721 3379 ιι
736 3336 817 3391 napta,
828 3335 940 3382 married.

181 3420 202 3464 5.
216 3407 408 3465 saucibusjaws,
419 3409 505 3454 throat.
686 3421 722 3464 24.
738 3409 866 3463 maliratur,
876 3423 926 3454 was
935 3410 1080 3469 attempting.

181 3483 202 3527 6.
218 3483 332 3534 dextram,
343 3483 410 3539 night
418 3483 490 3527 hand.
