2742 3975
131 242 136 251 ’
238 285 258 346 a
460 279 557 344 uras
579 279 706 342 Romae
731 278 803 343 tan·
823 278 974 342 ramam

237 504 306 561 hinc
327 521 396 561 cum
416 503 573 559 immatara
594 506 697 559 amare
716 500 756 559 ad
776 506 928 576 spansum,
949 502 1041 562 oblita
1061 504 1190 577 fratrum,

238 609 329 669 oblita
356 608 477 683 patriae.
527 607 574 666 Sic
602 616 659 679 eat,
681 623 888 682 quaecumque
916 608 1054 667 Ramana
1080 610 1190 685 ligabit

237 716 383 773 hostem.''

277 823 369 879 Atrax
390 819 421 877 id
439 826 533 878 visum
553 828 597 876 est
616 818 730 877 facinus
751 818 883 894 patribus
904 819 1043 895 plabique
1053 842 1062 894 3
1083 828 1144 896 qua
1159 826 1190 881 ra

129 918 131 922 ’
204 953 214 1001 5
237 936 336 1003 raptus
352 935 396 984 est
411 926 441 983 in
455 925 498 983 ias
517 925 658 983 Horatius
678 934 709 983 et
730 925 811 999 apud
832 923 944 983 iadicas
965 926 1189 985 condemnatus.

238 1035 302 1092 Iam
316 1043 480 1090 accesserat
495 1031 580 1089 lictor
593 1030 793 1105 iniciabatque
808 1030 954 1105 laqueum
997 1034 1074 1091 Tum
1093 1036 1190 1092 Hora·

237 1141 293 1199 tius
308 1139 346 1197 ad
361 1137 504 1214 populum
518 1136 698 1211 pravocavit„
736 1137 856 1194 Interea
869 1147 953 1211 pater
968 1140 1086 1198 Horatii
1100 1159 1191 1200 senex

236 1245 447 1323 praclamabat‚
463 1243 556 1301 liliam
573 1260 656 1301 suam
677 1242 739 1300 iare
760 1260 878 1301 caesam
899 1262 964 1302 esse
974 1265 983 1318 3
1005 1256 1035 1304 et
1054 1247 1190 1306 iuvenem

237 1354 389 1429 amplexus
404 1352 555 1427 spoliaque
578 1349 775 1409 Cariatiarum
798 1356 957 1424 ostentans
973 1354 1076 1412 arabat
1095 1372 1189 1430 popu·

190 1482 217 1515 ιο
236 1460 307 1533 lum,
321 1464 360 1518 na
375 1464 415 1530 sa,
429 1476 519 1533 quem
533 1458 622 1533 pauli>
636 1467 705 1516 ante
720 1475 789 1514 cum
805 1458 922 1534 Egregia
935 1460 1026 1534 stirpe
1045 1464 1190 1535 canspax·

236 1567 336 1639 issent,
362 1566 466 1625 orbum
489 1565 585 1624 liberis
608 1566 727 1624 laceret.
772 1566 842 1622 Nan
865 1566 930 1623 tulit
952 1567 1078 1641 populus
1099 1565 1190 1641 patris

236 1672 372 1731 lacrimas
385 1672 580 1746 iuvenemque
603 1670 727 1730 absolvit
749 1670 944 1729 admiratiane
965 1672 1058 1748 magis
1077 1672 1190 1729 virtatis

236 1796 326 1853 quam
340 1779 402 1836 iare
416 1796 532 1836 causae.
573 1779 616 1837 Ut
630 1787 731 1835 tamen
753 1778 863 1835 caedas
884 1778 1039 1835 manifesta
1058 1778 1189 1851 expiara-

236 1892 292 1957 tur,
316 1895 402 1961 pater
425 1884 602 1959 quibusdam
626 1884 777 1941 sacrificiis
802 1889 927 1959 peractis
955 1882 1112 1941 transmisit
1135 1900 1190 1958 per

190 2011 214 2061 ις
236 1991 315 2050 viam
328 1992 452 2068 tigillum
467 2001 498 2049 et
514 1991 606 2049 lilium
628 1991 726 2066 capite
748 1991 893 2065 adoperta
914 1990 993 2048 velut
1013 1989 1069 2049 sub
1089 1989 1189 2066 iugum

237 2097 333 2171 misit3
355 2097 436 2172 quod
451 2097 573 2174 tigillum
587 2097 730 2155 sorarium
745 2097 925 2172 appellatum
939 2104 993 2155 est

277 2203 348 2262 Nan
368 2202 419 2261 dia
440 2209 498 2279 pax
518 2203 632 2262 Albana
652 2204 759 2260 mansit
770 2224 779 2276 ;
807 2220 877 2260 narn
902 2202 1024 2261 Mettius
1047 2200 1188 2274 Fufetius,

236 2309 298 2368 dux
317 2309 506 2381 Albanarum,
524 2327 592 2368 cum
614 2314 647 2368 sa
660 2308 844 2368 'invidiasum
866 2308 946 2384 apud
967 2312 1046 2366 cavas
1066 2307 1188 2380 vidaret,

235 2414 318 2490 quod
339 2415 449 2474 bellurn
470 2421 529 2474 ana
549 2421 712 2492 paucamm
733 2416 894 2473 certamine
924 2413 1044 2486 linisset,
1066 2423 1098 2472 ut
1125 2431 1188 2472 rem

187 2545 216 2577 ιο
235 2520 404 2596 corrigeret,
432 2521 571 2580 Valentis
608 2521 825 2595 Fidanatasque
860 2519 1000 2578 adversus
1035 2521 1188 2578 Ramanas

235 2627 402 2685 concitavit.
445 2628 523 2701 Ipse,
538 2632 556 2685 a
568 2625 655 2685 Tulla
670 2627 702 2685 in
715 2627 854 2684 auxilium
870 2633 1032 2699 arcessitus,
1046 2626 1143 2684 aciem
1157 2626 1188 2683 in

234 2733 342 2790 collem
356 2731 503 2803 subdixit,
519 2741 550 2790 ut
564 2731 715 2790 fortanam
737 2732 806 2791 belli
826 2738 1012 2807 exspectaret
1032 2741 1062 2789 et
1082 2748 1187 2805 seque·

233 2843 320 2897 ratur.
364 2838 431 2912 Qua
445 2843 476 2896 ra
490 2839 591 2896 Tullus
605 2836 756 2896 intellacta
770 2843 877 2914 magna
890 2843 965 2897 vace
979 2837 1028 2909 ait,
1042 2842 1096 2895 sua
1115 2835 1186 2894 illud

234 2943 314 3002 iussa
331 2945 470 3002 Mettium
490 2943 595 3015 facere,
611 2953 643 3002 ut
657 2943 757 3002 hostis
771 2949 789 3001 a
803 2948 885 3020 terga
900 2943 1185 3001 circumvenirentur.

185 3073 212 3122 25
235 3050 304 3124 Qua
319 3049 420 3108 audIta
434 3049 534 3108 hostis
549 3050 641 3108 territi
655 3059 685 3108 et
699 3053 770 3107 victi
784 3058 859 3107 sunt.
904 3051 1024 3107 Postera
1038 3048 1088 3107 dia
1107 3049 1186 3105 Met·

234 3155 290 3213 tius
305 3173 374 3213 cum
389 3154 427 3213 ad
442 3154 647 3231 gratulandum
661 3155 749 3214 lulla
766 3156 904 3226 venisset,
919 3155 999 3213 iussa
1019 3155 1093 3211 illius
1113 3170 1184 3227 qua·

234 3259 322 3336 drigis
349 3261 485 3338 religatus
513 3271 543 3320 et
570 3261 601 3318 in
628 3260 743 3318 diversa
771 3260 928 3319 distractus
957 3270 1010 3319 est.
1066 3257 1185 3317 Deinde

232 3366 333 3425 Tullus
347 3366 454 3425 Albam
472 3377 595 3443 propter
612 3366 697 3425 ducis
717 3365 875 3441 perfidiam
895 3365 984 3424 diruit
1004 3375 1035 3423 et
1054 3364 1186 3423 Albanas

233 3471 363 3531 Ramam
377 3477 498 3532 transire
512 3471 604 3532 iussit.
