2742 3975
242 282 287 359 64
461 279 557 342 Urbis
578 280 705 341 Romae
729 280 802 342 Viri
822 280 974 344 Illustres

243 500 414 559 testimonia
442 502 534 557 victus
563 498 684 558 Catulus
713 503 731 557 a
758 501 898 558 contione
923 500 1068 561 discessit.
1112 506 1201 563 Pom·

243 606 337 681 paius,
352 604 502 680 dispositis
517 622 570 679 per
584 609 689 662 omnas
710 605 798 663 maris
820 610 952 664 recessfis
972 608 1104 681 navibus,
1120 609 1203 668 brevi

243 717 386 770 terrarum
411 711 516 769 orbem
541 709 589 768 illa
614 721 699 785 peste
728 710 878 784 liberavit3
907 711 1075 787 praedonas
1103 716 1202 774 multis

243 819 316 877 locis
339 821 434 874 victos
462 815 560 888 fadit3
593 816 716 874 easdem
740 817 771 873 in
795 815 980 876 daditianem
1003 825 1146 894 acceptos
1170 821 1203 879 in

209 945 220 993 5
244 923 365 982 urbibus
393 932 423 980 et
450 928 525 997 agris
550 921 653 995 procul
677 927 696 978 a
719 928 793 979 mari
817 923 992 981 conlocavit.
1036 925 1120 983 Nihil
1144 926 1202 984 hac

244 1029 366 1087 victoria
386 1028 509 1085 celerius
520 1047 529 1099 3
551 1044 620 1085 nam
641 1027 718 1084 intra
738 1025 995 1103 quadragasimum
1020 1029 1102 1088 diem
1125 1038 1202 1107 pira·

244 1141 288 1194 tas
309 1139 373 1193 tata
395 1139 468 1191 mari
489 1132 610 1207 expulit.

285 1241 433 1300 Confecto
468 1239 547 1297 bello
582 1238 707 1313 piratica
741 1239 862 1297 Gnaeus
900 1241 1059 1315 Pompaius
1096 1248 1204 1300 contra

246 1345 450 1405 Mithridatem
475 1344 626 1420 profectus
651 1344 682 1401 in
703 1344 805 1401 Asiam
829 1350 935 1420 magna
956 1345 1107 1405 celeritate
1132 1366 1204 1407 con·

198 1473 224 1505 ιο
246 1452 350 1511 tendit.
394 1451 541 1510 Proelium
565 1468 633 1507 cum
660 1454 729 1524 tage
753 1454 908 1508 canserere
931 1451 1080 1525 cupiabat‚
1102 1470 1203 1528 neque

245 1562 414 1633 opportana
440 1556 565 1615 dabatur
592 1554 745 1629 pagnandi
768 1554 897 1627 facultas,
920 1556 990 1631 quia
1012 1557 1204 1618 Mithridatas

244 1663 373 1723 interdixi
397 1668 498 1720 castris
523 1665 554 1719 sa
579 1660 872 1732 continabat,nocti1
898 1666 968 1720 vara
996 1662 1076 1721 haud
1104 1669 1203 1723 tritum

246 1780 309 1829 erat
323 1768 466 1844 congredi
483 1785 552 1824 cum
572 1766 657 1824 hoste
678 1766 709 1824 in
729 1766 801 1824 locis
821 1769 936 1841 ignatis.
978 1769 1078 1827 Nocte
1101 1780 1204 1829 tamen

245 1874 405 1950 aliquanda
431 1892 500 1931 cum
525 1872 684 1947 Pompeius
710 1872 913 1930 Mithridatem
937 1892 1091 1949 aggressus
1113 1886 1204 1949 esset,

198 2009 223 2056 ις
246 1982 315 2040 lana
336 1986 444 2056 magno
466 1980 519 2038 fuit
540 1980 683 2037 Romanis
704 1977 886 2037 adiamento.
928 1979 1026 2054 Quam
1048 2000 1118 2040 cum
1139 1984 1203 2042 Ro-

246 2094 325 2147 mani
349 2093 367 2146 a
391 2092 474 2162 tergo
497 2086 650 2156 habeatem,
665 2084 787 2143 umbrae
812 2102 968 2159 corpomm
994 2086 1109 2163 longius
1133 2095 1203 2165 pra-

246 2196 341 2253 iectae
369 2193 408 2250 ad
437 2198 548 2268 primas
575 2209 669 2266 usque
682 2189 823 2248 'hostium
848 2191 967 2249 ordinas
992 2194 1183 2266 pertinabant
1193 2217 1203 2269 3

246 2299 325 2358 unde
350 2300 471 2374 dacepti
495 2297 567 2373 tagii
592 2296 697 2354 militas
716 2296 747 2353 in
765 2297 892 2366 umbras,
909 2306 1059 2371 tamquam
1081 2300 1112 2358 in
1132 2319 1203 2376 pro-

246 2410 389 2482 pinquum
424 2406 549 2476 hostem,
579 2404 638 2462 tela
671 2401 835 2460 mittabant.
876 2403 978 2460 Victus
1013 2405 1204 2466 Mithridates

196 2531 225 2562 20
245 2514 276 2570 in
299 2515 425 2570 Pontum
447 2509 588 2586 profugit.
631 2508 798 2565 Phamacas
812 2506 890 2565 iilius
912 2507 1021 2567 bellum
1043 2517 1071 2568 ei
1094 2513 1204 2586 intulit,

245 2625 304 2694 qui,
330 2625 433 2677 occisis
461 2623 479 2674 a
505 2625 590 2691 patre
620 2613 765 2684 iratribus
787 2619 863 2670 vitae
886 2612 955 2671 suae
978 2615 1041 2689 ipse
1067 2617 1203 2677 timabat.

246 2724 434 2783 Mithridates
462 2728 480 2781 a
506 2722 570 2780 filio
598 2721 735 2778 obsessus
762 2723 908 2776 venanum
939 2722 1063 2795 sampsit
1074 2743 1082 2793 ;
1119 2725 1203 2798 quod

245 2849 314 2889 cum
335 2830 446 2889 tardius
468 2829 587 2909 subiret,
607 2826 676 2900 quia
698 2824 837 2884 adversus
857 2829 972 2883 venana
993 2828 1091 2886 multis
1113 2837 1205 2889 antea

246 2936 471 2995 medicamentis
491 2951 598 3008 corpus
618 2933 798 3002 firmaverat,
820 2936 838 2988 a
860 2931 950 2989 milite
974 2933 1071 3006 Gallo,
1091 2940 1110 2992 a
1130 2941 1204 3010 qua,

196 3058 222 3107 ²3
244 3053 278 3102 ut
299 3042 450 3101 adiuvaret
470 3045 511 3112 sa,
527 3039 661 3115 petierat,
678 3037 850 3095 interiectus
871 3047 924 3095 est.

284 3150 404 3224 Tigrani
424 3146 544 3217 deinde,
561 3144 718 3203 Armeniae
741 3147 809 3218 ragi‚
830 3149 880 3216 qui
901 3142 1080 3202 Mithridatis
1102 3152 1205 3220 partas

258 3345 280 3386 4.
296 3328 452 3382 deditianem,
464 3327 598 3370 surrender.
751 3335 783 3379 15.
800 3321 947 3376 adiumento,
958 3323 1006 3377 oid,
1017 3325 1151 3371 assistance.

247 3417 280 3449 11.
295 3404 400 3455 facultas¹
412 3402 564 3459 opportunity.
750 3399 783 3441 16.
800 3397 905 3448 umbrae,
916 3398 1029 3443 shadows.

247 3492 280 3523 12.
296 3477 405 3529 interditi,
417 3478 442 3519 in
453 3477 491 3519 tlte
502 3475 609 3530 daytime.
704 3525 711 3535 ⁴
750 3484 783 3526 17.
798 3469 1084 3526 pertinebantextended.
