2742 3975
506 305 613 368 Gaius
634 307 771 370 Marius
1068 329 1113 395 49

156 524 239 583 citius
266 526 378 601 legatus
407 536 477 597 erat,
505 545 574 585 cum
602 527 641 586 ab
669 532 707 585 eb
736 529 864 587 Remam
893 534 997 589 missus
1024 544 1111 606 esset,

156 629 237 707 apud
254 631 397 707 populum
415 633 583 690 Rbminum
601 634 771 692 criminatus
790 643 835 693 est
854 635 964 693 bellum
983 638 1110 712 discere3

84 722 87 728 ¹
156 744 181 795 si
202 742 234 796 se
256 739 409 795 cbnsulem
432 737 582 810 fecissent,
605 740 688 797 brevi
709 750 844 815 tempore
869 752 919 799 aut
940 750 1036 801 vivum
1061 754 1111 802 aut

157 853 305 902 mortuum
331 844 503 919 Iugurtham
527 849 559 902 se
588 845 618 902 in
646 851 825 920 potestatem
853 849 956 924 populi
983 851 1111 908 Rbmini

155 950 352 1008 redacturum.
401 950 507 1024 Itaque
534 955 649 1009 creatus
678 962 723 1010 est
750 953 853 1011 cbnsul
880 964 911 1012 et
939 955 969 1012 in
997 957 1112 1013 Metelli
1135 976 1146 1023 ς

155 1055 255 1113 locum
272 1056 418 1114 suffectus.
460 1056 575 1113 Bellum
594 1057 633 1115 ab
652 1057 702 1115 illi)
721 1064 863 1135 prespere
882 1071 1023 1136 coeptum
1042 1067 1111 1119 ebn-

156 1162 239 1221 fecit.
292 1162 434 1237 Iugurtha
458 1162 497 1220 ad
521 1163 663 1222 Gaetirlbs
690 1165 861 1240 perfugerat
885 1171 1047 1241 earumque
1069 1172 1111 1226 re-

155 1287 225 1344 gem
241 1268 393 1327 Bocchum
413 1268 552 1327 adversus
573 1270 727 1329 Ruminbs
749 1277 956 1331 concitiverat.
999 1274 1110 1332 Marius

156 1375 299 1435 Gaetulis
320 1386 350 1434 et
371 1375 525 1435 Bocchum
544 1394 697 1453 aggressus
720 1376 799 1435 fudit
808 1398 817 1450 ;
839 1378 992 1436 castellum
1011 1379 1043 1436 in
1063 1398 1110 1437 ex-

156 1482 235 1539 celsa
257 1488 321 1557 ripa
344 1483 483 1558 positum,
507 1482 559 1541 ubi
587 1484 659 1559 regii
686 1484 815 1541 thesauri
842 1493 934 1555 erant,
958 1490 1019 1542 nim
1047 1486 1110 1544 sine
1133 1512 1159 1543 ιο

157 1589 250 1646 multi)
266 1588 366 1647 labrire
386 1589 573 1664 expugnavit.
615 1590 761 1661 Bocchus,
780 1589 858 1648 belli>
877 1590 1018 1662 defessus,
1035 1591 1111 1667 liga·

156 1705 203 1754 tos
224 1693 264 1752 ad
285 1695 414 1754 Marium
435 1696 520 1767 misit,
541 1700 648 1770 pa‘cem
668 1700 796 1754 brantes
837 1696 917 1755 Sulla
936 1703 1112 1771 quaestori

158 1802 253 1860 Maria
276 1802 314 1860 ad
337 1807 437 1877 regem
463 1805 598 1861 remissus
625 1802 747 1860 Bocchb
772 1803 923 1877 persuasit,
949 1811 981 1860 ut
1009 1805 1109 1878 Iugur-

157 1908 238 1965 tham
268 1909 411 1967 Rimanis
441 1908 579 1967 traderet.
643 1908 784 1984 Iugurtha
812 1908 900 1984 igitur
925 1909 1041 1967 vinctus
1071 1908 1110 1967 ad

157 2016 285 2074 Marium
309 2015 455 2074 deductus
481 2025 525 2074 est
535 2036 544 2088 5
580 2033 669 2091 quem
695 2015 808 2073 Marius
832 2016 1014 2090 triumphans
1042 2026 1111 2074 ante
1132 2041 1157 2090 ις

157 2140 274 2180 currum
298 2122 359 2198 egit
383 2132 413 2180 et
437 2121 468 2180 in
495 2140 645 2180 carcerem
675 2128 835 2181 caenbsum
863 2122 988 2180 inclusit.
1042 2122 1110 2195 Qui)

156 2247 225 2287 cum
254 2229 394 2304 Iugurtha
421 2227 555 2286 detracta
581 2237 662 2286 veste
690 2226 901 2303 ingrederetur,
928 2233 962 2286 bs
989 2228 1110 2286 ridentis

156 2335 187 2393 in
215 2334 338 2394 modum
367 2335 516 2393 diduxisse
547 2344 577 2392 et
609 2337 730 2408 stupens
761 2333 921 2408 similisque
953 2332 1112 2408 d‘e'sipienti

156 2442 335 2500 exclamasse
361 2442 468 2499 fertur:
509 2442 614 2499 “Prb!
638 2458 728 2514 quam
754 2439 890 2515 frigidum
914 2449 959 2497 est
981 2449 1109 2497 vestrum

156 2548 295 2607 balneum
309 2549 340 2606 !’'
383 2549 487 2605 Paucis
508 2547 613 2605 dicbus
634 2557 702 2621 post
723 2546 753 2603 in
775 2563 893 2603 earcere
915 2551 1037 2603 necatus
1056 2556 1108 2603 est.
1131 2573 1159 2603 20

197 2654 307 2712 Marius
327 2665 395 2729 post
414 2654 523 2712 bellum
542 2652 734 2710 Numidicum
752 2652 859 2710 iterum
876 2652 979 2710 cbnsul
996 2657 1111 2709 creatus

155 2761 325 2835 bellumque
345 2767 373 2818 ei
391 2765 495 2819 contra
512 2760 648 2819 Cimbrbs
670 2769 700 2817 et
716 2759 867 2816 Teutones
884 2758 1037 2816 decretum
1056 2767 1110 2815 est.

157 2869 201 2925 Hi
222 2874 292 2925 novi
313 2867 422 2939 hostes,
437 2867 475 2924 ab
497 2871 634 2924 extremis
657 2864 834 2924 Germaniae
856 2864 967 2923 linibus
985 2864 1110 2940 profugi,

156 2979 247 3032 novis
267 2973 354 3032 sedes
375 2974 567 3048 quaerEbant,
590 2972 759 3046 exclusique
783 2970 878 3028 Gallia
907 2980 937 3027 et
966 2950 1112 3044 Hispania

156 3098 225 3136 cum
246 3079 277 3136 in
297 3079 412 3137 Italiam
434 3079 634 3154 remigrarent,
656 3083 673 3135 a
694 3079 846 3148 RbmaniS,
868 3086 900 3133 ut
923 3075 1035 3150 aliquid
1056 3076 1111 3134 sibi
1132 3103 1157 3150 ²5

155 3195 251 3243 terrae
282 3185 396 3256 darent,
427 3185 585 3264 petierunt.
645 3183 776 3257 Repulsi,
806 3181 888 3256 qnod
920 3187 1112 3256 nequiverant

155 3291 305 3368 precibus,
333 3298 420 3349 armis
448 3301 550 3366 petere
579 3289 770 3348 cbnstituunt.
825 3288 898 3345 Tres
927 3287 1019 3345 duces
1049 3289 1108 3344 Re

156 3404 237 3456 mani
265 3399 393 3472 impetis
422 3397 612 3456 barbarbrum
642 3401 703 3452 nim
735 3395 941 3452 sustinuimnt.
998 3394 1111 3452 Omnes

156 3506 256 3581 fugati,
279 3509 358 3562 extiti
379 3510 488 3560 castris.
541 3489 648 3559 [letum
671 3511 733 3558 erat
755 3499 793 3558 de
814 3499 939 3574 imperii)
963 3500 1110 3571 Remini),
