2742 3975
234 258 275 321 30
455 239 553 305 Urbis
575 240 701 302 Romae
726 239 797 304 Viri
818 239 969 302 Illustres

232 474 285 523 est.
329 464 456 539 Ingressi
475 461 642 538 prediteres
664 467 779 521 ceteres
803 462 905 537 vigiles
929 467 1041 537 sepItes
1067 462 1184 521 obtrun-

232 580 311 628 cant.
351 571 429 627 Tum
448 568 599 629 Hannibal
619 587 687 627 cum
709 573 762 626 sue
784 568 900 644 agmine
922 567 1102 643 ingreditur,
1125 569 1185 627 Re·

233 683 311 735 meni
331 676 439 751 passim
462 674 651 733 trucidantur.
694 675 791 732 Livius
813 674 963 744 Salinator,
982 676 1185 731 Remiserum

136 772 138 777 ’
232 783 407 858 praefectus,
433 799 501 838 cum
527 787 576 852 eis,
601 787 652 855 qui
677 779 763 837 caedi
791 780 1004 854 superfuerunt,
1029 779 1061 836 in
1087 797 1186 837 arcem

185 911 195 958 5
232 889 376 964 cenfirgit.

274 996 423 1053 Profectus
445 992 532 1069 igitur
550 991 657 1050 Fabius
671 991 712 1050 ad
732 990 934 1067 recipiendum
955 992 1116 1048 Tarentum
1138 1009 1184 1049 ur·

233 1103 302 1161 bern
326 1100 481 1159 obsidiene
506 1098 606 1169 cinxit,
630 1116 721 1172 quem
746 1097 809 1155 leve
834 1097 916 1155 dictu
938 1102 1123 1155 memeutum
1146 1096 1185 1155 ad

233 1226 296 1265 rem
321 1207 471 1281 ingentem
495 1202 709 1280 perficiendam
737 1202 856 1260 adiuvit.
906 1203 1074 1261 Praefectus
1101 1222 1184 1279 prae-

232 1313 299 1371 sidii
318 1314 468 1370 Tarentini
482 1310 635 1386 deperibat
657 1316 758 1367 amere
782 1309 979 1381 mulierculae,
995 1309 1077 1367 cilius
1098 1309 1186 1367 freter

185 1449 211 1479 10
232 1420 262 1476 in
277 1417 406 1477 exercitii
422 1417 505 1475 Fabii
518 1426 590 1474 erat.
626 1396 719 1474 'niues
741 1416 834 1473 iiissus
852 1420 870 1472 e
887 1414 980 1473 Fabie
996 1420 1049 1489 pre
1064 1416 1186 1492 perfugi

231 1527 392 1583 Tarentum
408 1523 520 1581 trensiit
533 1541 568 1580 ac
588 1540 642 1598 per
662 1528 793 1580 sorerem
815 1522 998 1597 praefectum
1013 1521 1051 1579 ad
1067 1521 1183 1581 treden-

225 1630 302 1688 ¹dam
323 1630 427 1688 urbem
448 1629 584 1704 perpulit.
626 1628 734 1687 Fabius
757 1629 855 1703 vigilie
880 1634 973 1703 prime
997 1630 1122 1687 accessit
1145 1627 1184 1686 ad

233 1755 298 1794 eam
321 1745 435 1811 partem
456 1740 538 1806 mirri,
557 1752 646 1809 quam
668 1734 833 1809 praefectus
855 1735 1050 1794 custediebat.
1092 1735 1183 1794 Adiu-

232 1841 366 1901 vantibus
380 1840 647 1916 recipientibusque
662 1841 724 1899 eius
739 1841 877 1900 militibus
893 1844 1021 1900 Remini
1035 1842 1065 1899 in
1079 1842 1183 1900 urbem

186 1970 209 2018 15
232 1947 485 2008 trenscendemnt.
529 1947 614 2020 Inde,
643 1947 776 2022 proxime
804 1953 890 2023 porte
916 1949 1049 2022 refricte,
1076 1948 1183 2008 Fabius

232 2074 300 2113 cum
315 2055 445 2113 exercitii
459 2053 583 2112 intrivit.
624 2054 775 2112 Hannibal
789 2057 921 2113 nuntiati
935 2058 1055 2114 Tarenti
1069 2061 1182 2132 oppig-

231 2161 350 2220 natiene
365 2178 433 2217 curn
448 2160 486 2218 ad
500 2177 590 2234 opem
604 2159 756 2218 ferendam
779 2161 917 2220 festinius
939 2174 1058 2238 captam
1079 2165 1182 2222 urbem

233 2285 296 2325 esse
321 2264 487 2339 audivisset,
520 2267 590 2322 “Et
613 2268 770 2337 Remini,’'
796 2269 900 2343 inquit,
927 2273 1042 2328 “suum
1068 2271 1182 2328 Hanni·

232 2373 329 2431 balem
351 2371 460 2430 habent
471 2393 480 2444 3
509 2370 623 2444 eedem,
645 2379 703 2447 qua
728 2379 908 2450 ceperimus,
930 2389 993 2434 arte
1021 2377 1183 2436 Tarentum

183 2508 211 2538 20
232 2478 409 2537 imisimusss'

272 2585 349 2643 Cum
364 2589 468 2658 postea
482 2584 578 2641 Livius
600 2585 743 2644 Salinator
764 2594 863 2647 ceram
888 2591 980 2649 Fabio
1001 2591 1182 2666 gleriairetur,

231 2688 313 2766 quod
327 2707 425 2746 arcem
439 2691 629 2748 Tarentinam
651 2694 825 2767 retinuisset,
841 2697 1020 2772 dixissetque
1042 2716 1110 2755 eum
1132 2702 1183 2755 sue

232 2801 323 2871 opere
345 2796 505 2853 Tarentum
530 2799 685 2873 recepisse,
727 2803 873 2873 “Certe’'
897 2804 992 2878 inquit
1017 2804 1125 2862 Fabius
1147 2810 1182 2860 ri-

193 2979 196 2984 ,
232 2902 315 2973 dens,
331 2905 427 2958 “nam
441 2903 496 2961 nisi
511 2909 542 2962 tir
556 2907 710 2979 emisisses,
726 2927 782 2983 ego
797 2927 958 2982 numquam
975 2910 1182 2985 recepissem.”

182 3041 209 3089 25
273 3008 399 3082 Quintus
414 3009 522 3069 Fabius
536 3013 595 3069 iam
610 3031 701 3071 senex
715 3013 778 3071 filie
793 3020 846 3073 sue
861 3015 974 3072 censuli
987 3015 1098 3091 legatus
1110 3016 1182 3088 fuit;

232 3131 359 3188 cumque
375 3116 480 3176 ineius
495 3129 590 3176 castra
603 3126 725 3190 veniret,
737 3120 814 3178 filius
829 3120 947 3179 obviam
961 3128 1037 3196 patri
1051 3127 1182 3197 pregres·

232 3238 280 3278 sus
305 3232 358 3295 est,
384 3223 545 3283 duodecim
568 3224 718 3283 lictoribus
742 3231 796 3300 pre
819 3231 901 3284 mere
929 3226 1182 3286 antecedentibus.

233 3328 319 3402 Eque
347 3330 508 3390 vehebetur
535 3348 626 3388 senex
652 3349 750 3406 neque
779 3336 1034 3407 appropinquante
1062 3335 1181 3391 censule

232 3436 396 3495 descendit.
440 3438 504 3494 Iam
520 3455 556 3494 ex
571 3437 721 3494 licteribus
735 3437 876 3495 undecim
890 3438 1067 3497 verecundie
1087 3449 1181 3514 pater-
