2742 3975
462 282 598 344 Marcus
626 284 757 346 Tullius
782 284 889 349 Cicero
1108 302 1150 369 79

198 503 408 578 philosophum
433 502 564 561 studiese
588 504 708 562 audivit.
753 506 829 565 Inde
851 507 1037 581 Eloquentiae
1063 514 1151 565 cause

198 608 341 667 Rhodum
363 613 395 667 se
417 609 550 679 contulit,
568 609 619 668 ubi
641 611 806 683 Molenem,
829 614 978 671 Graecum
1001 613 1149 672 rhetorem

198 724 261 772 tum
284 714 517 787 disertissimum,
540 716 711 790 magistrum
734 717 845 776 habuit.
888 719 947 791 Qui
972 737 1040 776 cum
1063 718 1150 779 Cice·

197 823 301 879 renem
330 820 480 879 dicentem
508 821 674 892 audivisset,
701 822 814 881 flevisse
842 822 959 895 dicitur,
988 824 1070 899 quod
1098 844 1152 901 per

198 926 277 984 hunc
298 927 423 987 Graecia
443 927 630 1000 Eloquentiae
653 926 740 985 laude
762 933 931 1003 priveretur.
1188 954 1197 999 ς

239 1034 368 1090 Remam
395 1050 525 1090 reversus
553 1042 693 1107 quaestor
725 1034 852 1092 Siciliam
884 1034 994 1095 habuit.
1037 1038 1151 1096 Nr'rllius

197 1142 268 1196 vere
289 1143 445 1213 quaestera
466 1148 516 1196 aut
537 1139 646 1213 gretior
667 1149 718 1196 aut
740 1140 844 1197 clerior
865 1141 919 1199 luit
929 1162 937 1214 ;
960 1161 1028 1201 cum
1045 1150 1152 1219 megna

198 1254 260 1302 tum
283 1254 360 1301 esset
381 1248 515 1302 annenae
540 1244 707 1317 difficultis,
724 1245 807 1304 initie
828 1247 969 1306 molestus
991 1259 1053 1307 erat
1074 1250 1151 1307 Sicu·
1214 1288 1216 1291 -

197 1351 241 1422 lis,
263 1355 338 1425 ques
365 1355 484 1425 cegeret
513 1350 660 1409 frementa
688 1351 718 1408 in
745 1351 849 1410 urbem
877 1354 992 1412 mittere
1003 1375 1012 1427 ;
1047 1361 1152 1430 postee

198 1460 277 1529 vere,
292 1456 472 1531 diligentiam
497 1466 527 1514 et
547 1456 689 1514 iristitiam
711 1467 741 1515 et
763 1458 935 1517 cemitetem
950 1460 1015 1517 eius
1026 1467 1149 1535 experti,
1174 1491 1199 1520 ιο
1232 1518 1234 1525 ,

199 1562 325 1620 meiores
346 1567 493 1636 quaesteri
514 1567 567 1620 sue
589 1562 717 1621 honeres
738 1581 828 1637 quam
848 1566 898 1623 ulli
911 1583 1052 1639 umquam
1067 1583 1169 1641 prae-v

199 1673 255 1725 teri
282 1667 458 1726 detulerunt.
502 1662 527 1724 Ε
557 1668 655 1726 Sicilia
682 1687 814 1727 reversus
844 1672 972 1728 Remam
1000 1672 1030 1728 in
1058 1678 1150 1729 causis

198 1772 331 1833 dicendis
356 1774 397 1830 ita
421 1773 526 1844 deruit,
548 1784 581 1831 ut
603 1775 680 1832 inter
705 1779 808 1833 omnes
833 1782 986 1833 causerum
1011 1782 1151 1859 patrenes

199 1889 230 1938 et
250 1889 328 1938 esset
349 1889 379 1937 et
400 1879 557 1937 haberetur
578 1886 726 1956 princeps.

238 1987 350 2046 Censul
374 1986 483 2044 deinde
507 1987 601 2046 sactus
629 1989 662 2045 L.
693 1989 785 2063 Sergii
809 1988 953 2047 Catilinae
976 1989 1151 2047 conieretie-
1174 2009 1198 2056 ις

199 2112 268 2153 nem
289 2094 424 2169 singulari
444 2094 560 2165 virtrite,
582 2095 755 2165 censtantie,
778 2099 849 2152 crire
869 2096 1052 2170 compressit.
1095 2096 1150 2153 Ca-

199 2201 297 2260 tilinae
332 2219 484 2276 proavum,
521 2201 565 2257 M.
604 2200 747 2274 Sergium,
783 2200 948 2259 incredibili
982 2200 1152 2259 sortitridine

198 2308 286 2366 fuisse
311 2307 419 2364 Plinius
443 2307 541 2364 refert.
585 2304 739 2380 Stipendia
767 2307 790 2364 is
819 2307 893 2364 fecit
917 2307 1049 2365 secunde
1074 2307 1151 2389 belle
1247 2361 1249 2364 .

200 2414 321 2471 Pr'mice.
363 2412 501 2472 Secunde
527 2411 676 2487 stipendie
701 2395 835 2470 dextram
858 2431 978 2470 manum
1001 2413 1150 2487 perdidit;
1179 2466 1185 2481 ,

199 2519 351 2594 stipendiis
378 2519 494 2578 duebus
522 2529 567 2577 ter
589 2529 619 2577 et
640 2519 750 2576 viciens
771 2519 938 2577 vulneretus
961 2529 1005 2576 est
1016 2539 1024 2591 3
1054 2520 1093 2577 ob
1121 2517 1150 2576 id
1174 2549 1201 2580 20

198 2631 303 2684 neutre
317 2631 414 2695 manti,
429 2631 534 2683 neutre
555 2625 634 2700 pede
656 2625 725 2684 satis
744 2625 830 2696 utilis,
846 2625 1034 2700 plririmisque
1049 2630 1154 2699 postee

198 2721 352 2808 stipendiis
373 2730 478 2789 debilis
500 2732 583 2788 miles
604 2743 675 2789 erat.
719 2732 768 2789 Bis
790 2732 827 2788 ab
850 2731 1019 2790 Hannibale
1037 2741 1152 2805 captus,

199 2838 244 2896 bis
270 2837 453 2895 vinculerum
482 2828 544 2895 eius
572 2837 721 2912 profugus,
750 2836 852 2911 viginti
887 2836 1037 2894 mensibus
1073 2836 1153 2894 mille

199 2949 259 3002 nen
281 2941 331 3001 die
351 2943 381 3000 in
402 2947 513 3001 catenis
534 2953 583 3000 aut
604 2942 802 3018 compedibus
819 2941 991 3000 custeditus.
1034 2942 1154 3000 Sinistri

200 3054 289 3107 marui
311 3049 374 3107 sele
397 3059 501 3124 quater
526 3049 674 3124 pegnevit,
699 3048 814 3106 duebus
841 3054 923 3122 equis
944 3047 1091 3106 insidente
1116 3053 1153 3104 ee
1175 3070 1200 3118 ²5

200 3154 337 3214 suffossis.
380 3157 522 3215 Dextram
550 3155 605 3214 sibi
634 3155 759 3212 ferream
795 3139 881 3212 fecit
905 3159 999 3227 eique
1035 3153 1155 3228 religete

214 3349 236 3393 3.
251 3334 440 3387 disertissimum,
452 3336 630 3392 mosteloquent.
703 3348 737 3390 24.
756 3334 852 3386 catenis,
868 3334 966 3384 chains:
988 3333 1153 3391 compedibus,

202 3411 235 3455 16.
251 3411 399 3466 compressit,
410 3410 512 3462 checked‚
525 3410 650 3466 repressccl.
778 3410 870 3467 setters.

201 3498 236 3528 22.
252 3484 343 3538 debilis,
353 3484 463 3541 crippled
475 3483 586 3527 disabled.
703 3484 737 3526 26.
754 3483 869 3535 suffossis,
879 3481 1041 3539 stabbedfrom
1052 3483 1129 3528 below.
