2742 3975
498 296 662 360 Horatius
688 294 794 360 Cocles
1084 309 1119 374 ις

169 518 267 577 latiam
289 518 377 577 rediit
398 527 428 576 et
450 517 603 576 Lucretiae
624 518 684 575 vim
705 516 809 576 attulit
853 517 909 575 Illa
929 522 1050 593 postero
1072 515 1122 575 die

168 624 319 683 advocatis
343 614 426 699 patre
452 634 482 682 et
505 623 630 699 coniuge
656 641 720 681 rem
745 623 880 699 exposuit
905 632 936 680 et
959 627 990 682 se
1018 622 1121 694 cultro,

168 746 258 805 quem
277 729 333 789 sub
352 739 435 787 veste
455 729 590 788 abditum
611 728 749 801 habebat,
764 728 884 787 occidit.
926 727 1122 788 Conclamant

168 837 211 894 vir
225 845 368 911 paterque
387 844 418 893 et
437 835 469 893 in
489 835 611 894 exitium
632 839 734 911 rigum
756 834 918 894 coniurant
960 834 1123 909 Tarquinio

169 942 297 1000 Romam
319 940 456 999 redeunti
475 941 591 1000 clausae
612 950 680 999 sunt
701 938 780 1000 urbis
804 949 908 1015 portae
933 949 963 998 et
987 940 1122 998 exsilium
1157 964 1167 1011 ς

169 1047 322 1107 indictum.
365 1046 501 1121 Expulsis
529 1045 647 1122 regibus
674 1045 736 1105 duo
764 1046 900 1105 consules
927 1051 1018 1104 creaiti
1045 1055 1121 1117 sunt,

169 1154 270 1213 Iunius
285 1155 390 1213 Brutus
404 1163 435 1211 et
448 1152 624 1228 Tarquinius
639 1153 803 1212 Collatinus
820 1152 975 1211 Lucretiae
993 1156 1121 1210 maritus.

438 1391 503 1446 IX.
527 1391 703 1445 Horatius
723 1388 850 1445 cocus.
871 1394 875 1401 '

210 1547 348 1616 Porsena,
369 1548 421 1603 rex
446 1545 645 1613 Etruscorum,
667 1542 707 1601 ad
729 1542 926 1603 restituendos
946 1544 978 1601 in
997 1548 1120 1620 regnum

168 1649 342 1725 Tarquinius
355 1648 462 1707 infesto
477 1649 607 1707 exercitii
621 1650 750 1707 Romam
764 1649 854 1707 venit.
896 1651 994 1707 Primo
1008 1650 1121 1725 impetu

170 1755 332 1813 Ianiculum
354 1755 443 1831 cepit.
486 1755 557 1814 Non
576 1772 719 1829 umquam
733 1754 802 1813 alias
819 1765 888 1812 ante
910 1764 1007 1813 tantus
1028 1766 1122 1813 terror
1143 1782 1170 1813 ιο

170 1862 322 1920 Romanos
343 1860 466 1933 invisit5
487 1859 565 1918 adeo
579 1860 677 1919 valida
690 1864 737 1919 res
751 1869 815 1919 tum
830 1859 949 1919 Clusina
963 1870 1025 1919 erat
1040 1866 1118 1936 mag-

169 1984 298 2042 numque
310 1968 456 2026 Porsenae
467 1972 587 2026 nomen.
623 1967 669 2024 Ex
683 1971 759 2042 agris
772 1966 804 2024 in
817 1965 921 2025 urbem
936 1965 1120 2043 dimigrant3
1216 1951 1218 1954 ⁵

169 2073 272 2132 urbem
286 2072 380 2148 ipsam
395 2073 530 2147 saepiunt
543 2071 706 2148 praesidiis.
747 2073 813 2130 Alia
834 2073 913 2132 urbis
934 2091 1001 2148 pars
1023 2077 1120 2146 mitris,

169 2178 225 2235 alia
244 2178 345 2236 Tiberi
365 2176 484 2238 obiecto
505 2183 568 2236 trita
587 2178 750 2237 videbatur.
804 2180 881 2237 Pons
902 2179 1041 2238 sublicius
1065 2179 1121 2238 iter

168 2302 264 2359 paene
282 2283 414 2344 hostibus
432 2284 524 2357 dedit,
539 2284 595 2342 nisi
616 2289 691 2343 imus
711 2284 756 2342 vir
774 2284 876 2343 fuisset
897 2286 1040 2343 Horatius
1061 2286 1120 2344 Co·
1143 2310 1167 2357 15

169 2391 239 2461 cles,
267 2390 317 2448 illo
345 2390 522 2466 cognomine
550 2391 722 2466 appellatus,
751 2390 833 2466 quod
863 2390 895 2448 in
923 2391 980 2448 alio
1008 2391 1120 2466 proelio

169 2496 288 2554 oculum
316 2501 461 2554 amiserat.
517 2497 547 2554 Is
575 2501 707 2555 extremi
733 2497 832 2571 pontis
860 2507 944 2571 parte
975 2503 1121 2572 occupata

169 2602 264 2660 aciem
278 2601 407 2661 hostium
425 2601 503 2660 solus
522 2602 667 2675 sustinuit,
682 2602 780 2661 dbnec
801 2607 878 2678 pons
894 2608 912 2660 a
928 2607 1012 2679 tergd
1032 2603 1119 2661 inter-

169 2713 362 2784 rumperetur.
383 2713 385 2716 ’
404 2708 475 2783 Ipsa
501 2706 626 2766 audicio
653 2708 854 2783 obstupefecit
881 2707 981 2767 hostes
992 2728 1001 2781 3
1028 2719 1120 2784 ponte

169 2813 292 2872 rescisso
307 2819 434 2872 armitus
451 2813 482 2871 in
500 2813 630 2871 Tiberim
652 2812 770 2872 desiluit
791 2824 822 2872 et
841 2814 939 2872 multis
961 2815 1119 2890 superiaci·
1141 2840 1169 2872 ιο

168 2919 306 2977 dentibus
334 2919 397 2977 telis
428 2919 583 2977 incolumis
605 2918 644 2977 ad
665 2925 734 2977 suos
755 2919 887 2978 tranavit.
938 2921 1031 2978 Grata
1052 2926 1122 2996 erga

168 3034 281 3082 tantam
296 3024 435 3082 virtutem
452 3025 551 3082 civitas
569 3024 623 3082 suit
633 3045 642 3096 3
665 3031 693 3082 ei
713 3034 826 3082 tantum
848 3031 909 3100 agri
929 3025 1047 3110 publice
1068 3025 1119 3083 da-

168 3141 231 3188 tum
248 3139 303 3202 est,
317 3139 459 3205 quantum
481 3134 540 3187 [ino
562 3127 611 3188 die
632 3129 845 3188 circumaravit.
886 3130 988 3189 Statua
1001 3147 1120 3206 quoque

168 3240 195 3292 ei
206 3236 237 3294 in
246 3235 376 3296 Comitio
391 3235 495 3309 posita
