2742 3975
259 289 299 353 32
482 272 578 336 Urbis
600 273 726 336 Romae
750 272 823 337 Viri
842 272 994 335 Illustrcs

258 493 380 569 quidem
394 500 491 553 macte
505 494 611 551 virtute
631 497 715 551 estbl
756 492 814 552 Sed
836 498 919 567 cavi,
934 494 1072 570 exiguum
1094 505 1211 570 tempus

258 604 275 657 Ε
290 600 424 658 manibus
438 600 566 657 hostium
584 599 731 658 §videndi
751 599 877 674 perdas!
918 601 985 672 Abi,
1000 602 1103 659 nuntii
1123 604 1211 678 patri·

258 706 322 778 bus,
344 715 377 763 ut
397 706 501 763 urbem
525 706 657 763 muniant
681 723 717 762 ac
741 706 911 781 priusquam
933 706 1026 764 hostis
1047 710 1140 767 victor
1160 710 1211 768 ad·

257 812 364 883 veniat,
386 811 537 885 praesidiis
559 811 689 869 firment.
732 812 784 869 Me
812 811 843 868 in
870 811 926 869 hac
954 819 1050 889 strige
1078 822 1212 876 mebmm

224 950 235 998 5
259 918 383 975 militum
410 925 511 991 patere
541 918 716 991 exspirare.”
771 918 854 975 Alter
882 920 984 977 cbnsul
1012 941 1081 979 cum
1111 933 1212 1000 paucis

258 1025 405 1100 equitibus
429 1023 590 1081 Venusiam
614 1023 756 1098 perfugit.
803 1025 978 1084 Cbnsuliires
1000 1038 1050 1086 aut
1074 1033 1213 1105 praetbrii

259 1131 432 1192 occiderunt
459 1130 569 1205 viginti,
599 1134 749 1188 senatbres
778 1138 857 1205 capti
885 1143 934 1191 aut
968 1142 1057 1193 occisi
1087 1138 1211 1213 triginta,

258 1240 373 1299 nabilis
393 1238 445 1295 viri
466 1243 598 1310 trecenti,
615 1238 740 1295 mssitum
761 1238 956 1314 quadraginta
976 1242 1065 1314 milia,
1080 1243 1212 1318 equitum

259 1347 313 1405 tria
327 1346 407 1403 milia
421 1355 452 1403 et
468 1350 629 1420 quingenti.
673 1346 824 1403 Hannibal
847 1347 878 1403 in
900 1348 1100 1406 testimimium
1121 1352 1212 1408 victu·

211 1482 238 1514 ιο
260 1454 318 1511 riae
341 1471 409 1510 suae
433 1457 491 1509 tres
515 1451 630 1509 modius
653 1458 809 1511 aurebrum
831 1454 984 1511 inulbrum
1005 1455 1213 1531 Carthaginem

260 1560 346 1631 misit,
361 1564 435 1633 qubs
451 1558 490 1617 de
510 1558 644 1618 manibus
668 1559 800 1633 equitum
822 1561 1025 1622 Rbmanbrum
1046 1571 1076 1619 et
1098 1567 1212 1620 senatri-

259 1685 321 1724 rum
338 1664 511 1723 detraxerat.

299 1771 461 1830 Hannibali
481 1776 584 1829 victbri
606 1790 674 1828 cum
696 1776 788 1829 ceteri
811 1772 1024 1846 gratularentur
1044 1774 1212 1833 suaderent-

259 1897 326 1953 que,
340 1889 372 1936 ut
387 1878 519 1953 quietem
533 1878 591 1935 iam
608 1878 671 1952 ipse
686 1882 815 1935 sumeret
831 1888 860 1935 et
876 1878 955 1936 fessis
970 1879 1108 1938 militibus
1120 1880 1213 1953 daret,

211 2012 235 2059 15
258 1991 332 2043 unus
361 2003 398 2043 ex
425 1984 487 2043 eius
516 1983 680 2058 praefectis,
704 1983 867 2057 Maharbal,
890 1986 1012 2044 minime
1037 1988 1213 2045 cessandum

258 2102 346 2163 ratus,
361 2091 580 2165 Hannibalique
597 2091 733 2163 suadens,
748 2101 781 2148 ut
799 2091 897 2149 statim
918 2092 1047 2149 Rbmam
1069 2102 1212 2168 pergeret,

259 2202 277 2229 ‘⁴
288 2199 346 2256 Die
370 2200 502 2273 quint6,”
524 2198 627 2271 inquit,
651 2197 828 2254 “victorin
850 2197 998 2271 Capitulis]
1020 2199 1212 2272 epulaberis.”

259 2305 395 2379 Cumque
411 2304 562 2362 Hannibal
578 2304 649 2361 illud
663 2308 725 2360 nim
739 2303 902 2377 probasset,
918 2304 1081 2377 Maharbal,
1115 2308 1132 2335 ‘⁴
1143 2305 1213 2362 an

259 2413 359 2470 omnia
372 2414 538 2482 nimirum‚'’
550 2412 653 2485 inquit,
665 2414 682 2440 “
692 2409 790 2467 eidem
799 2409 841 2466 dii
852 2408 972 2467 dedere.
1011 2410 1137 2468 Vincere
1147 2417 1212 2482 seiS,
1262 2400 1267 2410 ’

209 2542 238 2574 20
260 2518 410 2577 Hannibal
421 2540 429 2592 3
458 2519 580 2576 victurii
602 2522 644 2575 uti
666 2517 791 2573 nescis.”
837 2517 925 2573 Mora
950 2515 1035 2573 hiiius
1061 2515 1120 2574 dia
1143 2517 1213 2574 satis

259 2624 388 2682 creditur
402 2626 487 2684 saluti
500 2625 587 2683 fuisse
602 2625 667 2681 urbi
682 2634 712 2680 et
727 2622 861 2697 imperib.
906 2622 1056 2680 Hannibal
1071 2640 1138 2679 cum
1153 2624 1211 2678 vic-

258 2732 333 2790 turii
346 2741 446 2806 posset
465 2737 516 2803 uti,
532 2731 586 2788 srui
607 2731 718 2800 maluit,
734 2730 892 2803 relictaque
915 2729 1014 2786 Rbmi
1034 2728 1064 2784 in
1086 2728 1211 2803 Campa-

258 2838 338 2895 niam
346 2837 478 2909 devertit,
493 2838 575 2895 cuius
590 2837 702 2895 deliciis
717 2855 786 2893 mox
801 2835 949 2893 coercitus
964 2833 1051 2891 ardor
1065 2832 1211 2908 elangui13

259 2943 335 3001 adet]
354 2952 386 3001 ut
402 2947 470 3001 vere
492 2943 605 3001 dictum
626 2943 671 3013 sit,
688 2943 824 3018 Capuam
846 2940 1010 2998 Hannibali
1031 2939 1147 2997 Cannis
1168 2938 1210 2996 fu-

209 3064 235 3111 25
258 3050 323 3108 isse:

299 3157 470 3230 Numquam
495 3165 609 3214 tantum
633 3156 751 3230 pavbris
776 3157 891 3213 Rumae
918 3154 980 3226 fuit,
995 3163 1137 3228 quantum
1162 3151 1212 3210 ubi

257 3271 400 3336 acceptae
415 3261 506 3319 cladis
521 3263 639 3320 mintius
654 3262 782 3320 advenit.
821 3262 929 3335 Neque
945 3270 1044 3318 tamen
1059 3261 1117 3318 ulla
1131 3259 1212 3334 pacis

259 3369 369 3425 mentiri
386 3369 462 3425 lacta
476 3378 521 3426 est
531 3389 539 3439 3
562 3368 739 3442 quinetiam
762 3367 861 3424 animi>
883 3368 983 3424 civitais
1006 3366 1082 3424 adef>
1105 3370 1212 3440 magni>

259 3473 321 3544 fuit,
336 3483 368 3530 ut
381 3474 507 3530 Varrbni
522 3491 558 3529 ex
572 3478 653 3530 tanta
673 3471 757 3530 clade
779 3472 915 3530 redeunti
935 3473 1017 3530 ciuus
1039 3473 1102 3538 ipse
1124 3489 1213 3530 causa
