2742 3975
271 290 315 352 66
492 288 590 351 Urbis
611 288 739 349 Romae
763 286 836 350 Vin·
855 285 1008 348 Illustrcs

271 517 322 587 qui
335 512 510 587 PompEium
524 512 651 569 interfici
669 510 760 568 iussit.
801 511 891 568 Latus
912 511 1037 583 Pomp&
1056 509 1111 567 sub
1131 508 1223 567 oculis

270 618 369 675 uxtiris
384 628 414 674 et
428 618 584 675 libertirum
606 619 749 674 mricrtine
769 616 938 673 crinsossum
961 624 1015 685 est,
1029 624 1120 689 caput
1139 632 1222 689 prae-

270 726 373 794 cisum,
388 732 507 780 truncus
528 723 558 779 in
580 722 680 779 Nilum
702 723 863 779 coniectus.
905 720 1023 779 Deinde
1044 729 1134 795 caput
1154 738 1223 777 cum

270 829 357 887 anulii
384 828 424 886 ad
452 829 611 887 Caesarem
639 828 770 886 delitum
795 838 848 900 est,
870 833 921 902 qui
943 832 981 885 ei>
1004 832 1066 884 visu
1090 827 1223 884 lacrimis

236 941 331 1003 sntin
358 935 514 993 continens
544 934 616 992 illud
646 934 744 991 multis
779 933 1053 1007 pretidsissimisque
1081 933 1221 991 odiribus

270 1042 462 1101 cremandum
483 1040 603 1099 curavit.

311 1149 340 1206 Is
363 1148 417 1206 fuit
442 1149 566 1221 Pomp&
589 1156 656 1221 post
680 1151 740 1204 tres
763 1146 931 1204 crinsulaitiis
959 1155 990 1203 et
1017 1144 1144 1203 totidem
1172 1144 1220 1203 tri-

270 1254 397 1330 umphus
423 1260 499 1311 vitae
528 1253 631 1311 exitus.
684 1254 776 1309 Erant
808 1252 840 1310 in
869 1252 1014 1326 Pompeii)
1049 1252 1158 1309 multae
1192 1261 1223 1308 et

270 1367 394 1435 mignae
428 1360 549 1417 virtutes
587 1376 622 1415 ac
659 1359 821 1433 praecipue
858 1357 1031 1415 admiranda
1065 1358 1221 1433 frugalitas.

223 1486 250 1516 10
270 1466 348 1525 Cum
383 1472 411 1522 ei
444 1470 607 1540 aegrcitanti
640 1465 840 1539 praecepisset
871 1463 1014 1536 medicus,
1042 1474 1075 1521 ut
1102 1462 1223 1521 turdum

270 1570 382 1643 ederet,
397 1576 539 1646 negarent
556 1581 656 1628 autem
674 1577 757 1642 servi,
773 1588 840 1628 eam
860 1589 946 1628 avem
966 1589 1090 1644 usquam
1111 1575 1222 1627 aestivi>

270 1686 405 1751 tempore
428 1695 515 1751 posse
537 1683 665 1751 reperiri,
686 1677 743 1734 nisi
765 1677 844 1751 apud
866 1677 1029 1747 Lucullum,
1049 1682 1099 1750 qui
1120 1674 1222 1733 turdcis

270 1782 353 1840 domi
374 1788 526 1857 saginiret
541 1783 634 1839 vetuit
657 1783 817 1857 Pompeius
838 1783 956 1840 turdum
978 1781 1048 1839 inde
1071 1788 1140 1856 peti,
1158 1800 1221 1839 me·

269 1888 397 1962 dictique
425 1886 516 1945 dixit:
553 1889 670 1963 “Ergti,
698 1889 753 1945 nisi
782 1889 918 1946 Lucullus
948 1888 1081 1963 perditus
1109 1888 1222 1945 deliciis

222 2010 246 2059 15
269 2005 354 2066 esset,
376 2000 437 2052 utin
456 2001 567 2052 viveret
588 1995 791 2070 Pompeius?”
832 1995 929 2052 Aliam
953 2013 1047 2066 avem,
1068 2013 1144 2069 quae
1168 2012 1221 2069 pa-

269 2101 365 2159 rabilis
387 2111 472 2172 esset,
487 2101 542 2159 sibi
563 2101 645 2159 iussit
659 2107 778 2176 apptini.

308 2207 385 2264 Viris
412 2205 507 2264 doctis
539 2213 678 2281 magnum
710 2207 854 2265 hondrem
888 2207 1017 2266 habibat
1052 2207 1221 2282 PompEius.

270 2315 315 2370 Ex
342 2313 423 2388 Syriai
450 2312 611 2385 decedens
640 2314 778 2371 cdnfectd
805 2312 884 2371 bellu
913 2312 1126 2384 Mithridaitict'),
1150 2331 1221 2370 cum

268 2418 410 2477 Rhodum
434 2419 570 2490 venisset,
596 2420 786 2477 Posiddnium
809 2420 902 2494 cupiit
924 2419 1025 2477 audire
1036 2440 1044 2491 ;
1071 2419 1125 2477 sed
1149 2438 1219 2476 cum

218 2543 247 2574 20
268 2524 434 2596 audivisset,
456 2543 524 2582 eum
545 2525 670 2599 graviter
690 2543 754 2583 esse
775 2543 905 2600 aegrum,
926 2524 1009 2600 quod
1028 2524 1222 2584 vehementer

268 2631 329 2688 eius
355 2635 432 2708 artus
457 2631 631 2701 labdrarent,
652 2631 745 2688 voluit
767 2639 867 2688 tamen
888 2631 1102 2689 ndbilissimum
1124 2632 1220 2706 philu

268 2736 394 2810 sophum
421 2742 524 2794 visere.
577 2737 645 2794 Mds
673 2744 744 2807 erat,
772 2746 814 2808 ut,
842 2737 962 2794 cdnsule
991 2737 1081 2795 aedes
1108 2738 1221 2812 aliquas

267 2841 440 2916 ingressuri),
463 2842 548 2899 lictor
571 2841 648 2899 fores
675 2851 852 2917 percuteret,
874 2841 1038 2902 admonens
1066 2844 1222 2902 cdnsulem

267 2947 371 3005 adesse
381 2967 390 3018 ;
425 2957 456 3004 at
488 2948 645 3021 PompEius
673 2948 751 3005 sores
781 2947 930 3006 Posidtinii
956 2955 1071 3023 percuti
1098 2950 1221 3008 hondris

282 3205 302 3239 1.
317 3193 384 3246 latus,
394 3192 451 3238 side.
769 3207 803 3251 13.
818 3196 943 3251 saginaret,
954 3196 1067 3253 firttened.

281 3280 301 3312 2.
316 3268 439 3323 mucrdne,
448 3269 520 3324 point,
531 3268 615 3314 swerd.
769 3281 803 3326 14
818 3271 923 3325 perditus
952 3271 1049 3324 deliciis,
1075 3269 1164 3328 spoiled
1193 3271 1220 3327 by

280 3357 301 3398 9.
316 3341 452 3399 praecipue,
464 3343 590 3400 especially.
850 3344 942 3399 luxusy.

194 3445 196 3448 -
268 3429 301 3461 10.
316 3419 456 3474 aegrdtand,
468 3419 534 3460 wlzm
546 3417 577 3460 ill
581 3434 590 3467 ,·
606 3418 711 3469 turdum,
768 3429 803 3461 21.
818 3420 890 3470 artus,
895 3418 977 3474 jainis,
988 3418 1063 3463 limbs.

345 3493 430 3537 tlzrust
