2742 3975
228 298 249 357 4
451 278 548 341 Urbis
570 279 697 341 Romae
721 278 792 342 Vin·
813 279 965 341 Illustres

228 507 288 559 nati
302 503 431 559 Remini
444 501 544 577 fugere
560 506 735 576 coeperunt.
777 502 842 560 Iam
859 501 959 560 Sabini
971 500 1181 560 climitibant:

228 611 246 638 “
283 608 387 666 icimus
407 607 538 683 perfidus
554 607 696 682 hospites,
711 607 845 666 imbelles
864 607 974 665 hostes.
1017 608 1105 665 Nune
1125 607 1181 665 sci-

227 723 289 784 unt,
304 713 391 788 longe
410 713 488 771 aliud
508 732 572 771 esse
591 714 718 789 virgines
736 731 849 789 rapere,
865 712 945 770 aliud
964 717 1095 788 pugnire
1112 731 1181 771 cum

227 820 322 878 viris.''
371 820 457 877 Tunc
485 819 638 891 R6muius,
663 838 746 877 arma
772 818 812 876 ad
834 819 949 877 caelum
977 819 1093 891 tollens,
1116 820 1181 878 Iovi
1242 799 1248 814 χ

193 941 204 989 5
227 925 334 984 aedem
352 926 440 996 vivit,
457 935 487 984 et
507 925 652 983 exercitus
673 924 815 983 seuforte
836 943 888 983 seu
909 924 1045 983 divinitus
1064 925 1179 983 restitit

228 1034 333 1107 Itaque
355 1031 500 1105 proelium
520 1030 734 1107 redintegratur
744 1051 753 1103 ;
775 1029 829 1088 sed
850 1040 951 1106 raptae
969 1031 1105 1089 mulieres
1125 1037 1179 1088 eri·

227 1138 313 1196 nibus
329 1145 420 1212 passis
442 1155 529 1195 ausae
552 1147 619 1195 sunt
640 1142 671 1195 se
693 1137 769 1194 inter
793 1137 851 1195 tela
872 1136 1001 1194 volantia
1020 1136 1126 1195 inferre
1149 1145 1180 1194 et

227 1244 296 1301 hinc
310 1249 416 1319 patres,
432 1244 501 1302 hinc
515 1244 593 1302 virus
607 1248 734 1315 brantes,
750 1249 856 1318 picem
871 1242 1073 1302 coneiliairunt.

267 1350 411 1408 Remulus
425 1350 547 1408 foedere
562 1368 631 1407 cum
645 1350 732 1407 Tatii)
750 1350 810 1407 icti)
829 1361 860 1407 et
881 1349 1003 1408 Sabinus
1024 1350 1055 1407 in
1076 1350 1179 1409 urbem

180 1476 207 1506 10
227 1457 340 1531 recepit
354 1467 383 1515 et
397 1462 521 1532 regnum
538 1475 607 1514 cum
626 1456 715 1514 Tatiu
733 1456 864 1514 sociavit.
905 1458 1016 1513 Verum
1038 1455 1118 1514 haud
1139 1457 1180 1513 ita

228 1563 319 1620 multi)
334 1573 402 1638 post
419 1568 518 1621 occisi)
538 1563 627 1620 Tatii>
648 1561 686 1620 ad
709 1561 869 1620 Remulum
890 1568 1060 1637 potentitus
1081 1563 1178 1620 omnis

226 1669 341 1728 recidit.
387 1670 515 1727 Centum
540 1667 650 1726 deinde
675 1686 714 1725 ex
741 1667 905 1726 seni6ribus
932 1667 1030 1743 elegit,
1051 1674 1178 1743 quirum

226 1775 350 1833 censilifi
364 1775 464 1832 omnia
480 1785 588 1850 ageret,
605 1780 679 1848 quus
700 1778 852 1832 senitbres
872 1774 1035 1833 uriminavit
1055 1785 1178 1849 propter

227 1886 418 1939 senectutem.
460 1882 533 1938 Tres
548 1881 679 1954 equitum
694 1881 841 1939 centuriis
859 1881 1019 1954 cunstitui,
1035 1882 1178 1957 populum

179 2006 204 2054 15
226 1988 257 2046 in
279 1988 396 2063 triginti
418 1988 511 2046 curias
536 1987 695 2046 distribuit.
740 1990 796 2046 His
817 1988 859 2046 ita
879 1989 1020 2048 (ardinitis
1044 2008 1114 2047 cum
1138 1989 1177 2048 ad

226 2095 388 2153 exercituin
409 2093 591 2152 lustrandum
612 2094 786 2153 cuntirinem
810 2095 840 2154 in
864 2103 973 2172 campi)
997 2097 1037 2156 ad
1061 2099 1177 2173 Caprae

226 2201 364 2277 paludem
380 2201 511 2292 haberet,
526 2201 623 2259 subiti>
637 2213 740 2260 coorta
754 2213 798 2261 est
812 2211 972 2279 tempestas
987 2224 1055 2262 eum
1070 2211 1178 2280 migne

226 2308 341 2383 fragiire
365 2308 577 2383 tonitribusque
601 2319 631 2367 et
655 2310 801 2368 Remulus
827 2316 845 2368 e*
873 2317 1037 2386 cunspectii
1064 2313 1178 2372 ablitus

227 2423 280 2472 est.
322 2413 370 2472 Ad
384 2413 458 2472 deris
471 2421 607 2474 transisse
621 2417 709 2492 vulgi
724 2416 853 2476 creditus
869 2429 932 2492 est;
954 2422 1001 2476 cui
1022 2427 1065 2478 rei
1085 2420 1176 2478 fidem

178 2537 207 2569 20
227 2519 297 2577 fecit
311 2520 401 2579 Iulius
417 2525 566 2596 Proculus,
582 2525 625 2583 vir
645 2525 761 2584 nubilis
804 2525 878 2584 Orta
894 2527 973 2584 enim
988 2527 1065 2585 inter
1078 2535 1176 2602 patres

227 2637 256 2684 et
277 2628 397 2702 plebem
417 2630 571 2703 seditiiine,
587 2632 618 2689 in
636 2632 807 2689 cuntiunem
827 2635 971 2706 prticessit
990 2633 1177 2692 iireiirandr‘)

227 2732 395 2809 adfirmans
411 2744 504 2796 visum
526 2744 543 2796 a
564 2743 595 2796 se
618 2739 777 2796 Remulum
796 2739 961 2813 augustiure
977 2740 1083 2809 ffirmi,
1106 2757 1176 2796 eun-

227 2841 356 2918 demque
378 2845 558 2919 praecipere,
580 2853 613 2901 ut
640 2820 834 2902 seditiunibus
858 2843 1040 2902 abstinetent
1064 2854 1094 2903 et
1114 2863 1177 2902 rein

227 2950 385 3008 mssitirem·
403 2951 554 3021 colerent;
575 2949 711 3019 sutirum,
727 2959 759 3006 ut
773 2949 904 3006 omnium
919 2949 1051 3024 gentium
1065 2950 1179 3008 domini

178 3065 204 3113 25
227 3057 409 3114 exsisterent.
452 3056 550 3113 Aedis
565 3055 594 3112 in
610 3055 685 3112 colle
702 3055 844 3128 Quirinali
865 3055 994 3112 Rrimuiu
1009 3054 1177 3128 erinstitiita,

227 3162 290 3236 ipse
305 3165 359 3236 pri>
373 3160 432 3219 def>
446 3160 541 3218 cultus
555 3169 585 3218 et
600 3159 739 3233 Quirinus
753 3169 798 3217 est
811 3160 983 3234 appellitus.
