2742 3975
401 285 545 361 Quintus
566 286 690 348 Fabius
713 286 887 348 Maximus
1082 300 1125 365 29

172 516 202 565 et
217 508 332 564 Romae
347 516 378 565 et
392 506 423 563 in
437 508 568 564 exercitii
584 507 742 582 imperium
763 507 894 566 haberet.
937 508 994 565 His
1014 513 1124 566 sermo-

172 613 257 672 nibus
271 616 405 685 accensa,
417 613 502 687 plibs
517 611 653 670 dictitari
667 614 838 687 magistrum
854 612 985 686 equitum
1000 613 1125 689 imperio

172 719 317 793 nequivit.
361 720 450 775 Hanc
464 718 599 776 iniuriam
613 724 710 793 aequo
725 719 824 777 animo
840 719 905 776 tulit
920 719 1028 778 Fabius
1043 740 1124 780 exer-

133 824 135 827 ’
172 826 324 899 citumque
339 842 424 882 suum
438 842 506 881 cum
522 825 656 882 Minucio
671 823 775 883 divisit.
818 825 896 883 Cum
910 836 1010 884 autem
1027 829 1124 886 Minu-

172 932 235 988 cius
253 934 365 988 temere
387 930 530 1005 proelium
552 930 756 1002 commisisset,
776 938 802 988 ei
823 933 999 1006 periclitanti
1019 936 1126 993 auxilio
1162 960 1172 1007 ς

171 1036 252 1095 ven-it
267 1036 384 1095 Fabius.
427 1036 516 1094 Cirius
536 1037 633 1095 subito
654 1037 783 1095 adventii
805 1056 953 1114 repressus
975 1042 1126 1101 Hannibal

171 1148 305 1218 receptui
326 1142 443 1214 cecinit,
459 1143 556 1217 palam
578 1142 739 1214 confessus,
755 1144 793 1203 ab
814 1150 846 1203 se
868 1147 1041 1220 Minucium,
1057 1153 1089 1207 se
1109 1154 1127 1206 'a'

173 1248 266 1307 Fabii)
292 1251 402 1306 victum
431 1266 504 1306 esse.
546 1247 736 1306 Redeuntem
766 1268 803 1307 ex
830 1252 895 1310 acie
923 1253 1030 1312 dixisse
1058 1273 1125 1312 eum

173 1355 279 1425 serunt,
302 1353 423 1412 tandem
448 1372 514 1411 eam
535 1355 655 1427 nribem,
675 1373 750 1429 quae
773 1356 875 1415 sedire
897 1360 927 1416 in
948 1361 1021 1435 iugis
1043 1380 1126 1419 mon·

173 1460 247 1518 tium
261 1460 347 1517 solita
366 1469 453 1532 esset,
468 1477 536 1517 cum
559 1462 690 1535 procelli
712 1462 835 1520 imbrem
858 1463 985 1523 dedisse.
1028 1467 1126 1524 Minu·
1150 1499 1176 1529 ιο

173 1566 235 1624 cius
250 1576 349 1624 autem
363 1567 495 1642 periculo
509 1567 646 1625 liberatus
667 1578 763 1626 castra
780 1587 848 1626 cum
870 1571 963 1629 Fabio
984 1572 1077 1632 iirnxit
1098 1583 1128 1631 et

172 1683 287 1749 patrem
302 1690 370 1729 eum
386 1672 542 1747 appellavit
559 1672 700 1748 idemque
716 1674 812 1732 facere
827 1676 934 1735 militis
948 1678 1038 1736 iussit.

214 1781 321 1836 Postea
335 1778 486 1836 Hannibal
499 1780 629 1838 Tarento
649 1798 703 1855 per
722 1781 921 1856 proditionem
942 1790 1052 1857 potitus
1074 1794 1127 1843 est.

175 1886 263 1942 Hanc
283 1885 388 1943 urbem
409 1895 442 1942 ut
463 1887 568 1943 Poenis
593 1886 751 1960 triderent,
767 1887 910 1945 tredecim
932 1889 993 1947 fere
1014 1891 1127 1949 nobiles

174 1993 293 2051 iuvenes
306 1993 459 2050 Tarentini
473 1994 706 2052 coniriraverant.
751 1996 794 2051 Hi
814 2004 902 2052 nocte
923 2013 977 2070 per
997 1998 1128 2070 speciem
1150 2021 1174 2068 15

173 2100 300 2159 venandi
323 2101 396 2158 urbe
421 2104 530 2175 egressi
552 2100 591 2158 ad
618 2099 830 2171 Hannibalem,
850 2106 901 2174 qui
920 2101 1000 2159 haud
1025 2103 1128 2177 procul

172 2216 268 2264 castra
289 2206 426 2278 habebat,
443 2211 596 2264 venerunt.
639 2206 696 2264 Cui
717 2224 795 2277 cum,
817 2205 889 2280 quid
910 2213 1055 2280 pararent,
1078 2227 1126 2266 ex-

172 2313 348 2388 posuissent,
363 2314 550 2372 conlaudivit
565 2317 616 2370 eos
632 2312 784 2370 Hannibal
800 2313 981 2386 monuitque,
996 2324 1028 2371 ut
1042 2315 1126 2373 rede-

172 2424 257 2478 untes
282 2438 393 2497 pecora
416 2420 711 2496 Carthaginiensium,
738 2437 814 2494 quae
843 2422 1127 2495 pistum'propulsa

173 2535 280 2597 essent,
304 2525 342 2584 ad
366 2527 469 2585 urbem
495 2536 625 2602 agerent,
647 2536 677 2583 et
701 2525 790 2583 veluti
814 2525 955 2600 praedam
981 2545 1017 2583 ex
1041 2527 1126 2586 hoste
1148 2553 1176 2584 20

173 2633 280 2690 saetam
297 2642 346 2690 aut
363 2634 513 2707 praefecto
534 2642 584 2690 aut
605 2632 779 2690 custbdibus
800 2636 949 2706 portarum
972 2631 1125 2692 donirent.

173 2737 208 2796 Id
224 2739 331 2797 iterum
350 2756 385 2796 ac
405 2740 520 2814 saepius
541 2739 579 2797 ab
601 2745 642 2796 eis
660 2740 769 2796 facturn
792 2743 887 2812 eoque
906 2739 1126 2797 consuitidinis

172 2843 303 2904 adducta
330 2849 376 2902 res
404 2854 457 2915 est,
482 2854 523 2916 ut,
544 2850 732 2919 quocumque
753 2845 850 2902 noctis
878 2853 1020 2918 tempore·
1042 2845 1126 2903 sibilo

173 2948 325 3008 dedissent
350 2956 473 3025 signum,
498 2961 583 3025 porta
608 2951 688 3009 urbis
714 2955 884 3024 aperiretur.
933 2952 1017 3007 Tunc
1041 2952 1125 3008 Han-

172 3055 251 3114 nibal
279 3060 330 3113 eds
357 3066 446 3113 nocte
472 3054 572 3114 media
596 3075 663 3113 cum
693 3056 799 3114 decern
829 3057 944 3115 milibus
971 3056 1126 3114 hominum
1147 3091 1173 3137 25

173 3161 356 3220 delectorum
382 3167 499 3220 secfitus
523 3171 576 3220 est.
628 3163 690 3222 Ubi
714 3173 816 3237 portae
842 3164 1125 3237 appropinquirunt,

171 3273 243 3326 ndta
259 3267 398 3325 iuvenum
417 3272 522 3324 voret
542 3268 683 3326 familiare
705 3275 818 3343 signum
840 3269 957 3344 vigilem
979 3269 1124 3326 excitavit.

172 3374 242 3432 Duo
256 3380 342 3448 primi
354 3373 519 3431 inleribant
533 3391 637 3447 aprum
652 3379 726 3432 visti
743 3375 882 3448 corporis.
925 3374 1002 3449 Vigil
1024 3375 1123 3433 incau-

171 3489 217 3537 tus
232 3479 303 3537 dum
324 3479 428 3538 beluae
448 3479 679 3553 magnitirdinem
702 3486 828 3551 miritur,
842 3480 988 3541 venibulo
1009 3488 1124 3540 occisus
