2742 3975
331 284 479 346 Tiberius
506 284 668 347 Gracchus
691 297 724 348 et
748 286 854 348 Gaius
879 287 1042 349 Gracchus
1118 301 1158 367 45

207 506 246 564 ad
261 511 312 564 eos
326 504 512 581 repellendos
527 523 601 579 opus
617 514 708 563 erant.
751 506 843 579 Quod
856 506 907 564 ubi
921 506 1087 581 praedones
1100 508 1161 565 ani·

209 611 437 683 madverteruut,
446 611 568 671 abiectis
582 617 669 669 armis
680 613 784 669 ianuae
796 598 1035 687 appropinquant
1045 624 1075 671 et
1086 614 1163 671 clera

207 723 281 777 vnce
303 719 439 776 nuntiant
460 718 596 792 Setpffint,
614 722 645 775 se
666 723 727 775 non
747 724 823 775 vitae
839 719 901 775 Eius
915 718 1024 790 hostes,
1039 719 1093 777 sed
1105 720 1161 778 vir-

209 825 278 883 tutis
306 824 498 883 admiratores
526 824 649 896 venisse,
675 829 869 899 conspectum
898 831 971 882 tanti
998 825 1059 895 viri,
1079 826 1162 899 quasi

209 932 335 989 caeleste
351 931 471 1006 aliquod
489 931 676 1003 beneficium,
692 937 885 1006 expetentes3
906 932 1032 1006 proinde
1046 936 1084 989 ne
1098 950 1161 1007 gra-
1197 959 1207 1007 5

209 1045 323 1098 varetur
344 1045 375 1098 se
397 1040 592 1115 spectandum
614 1040 766 1115 praebete.
809 1042 896 1097 Haec
911 1051 1069 1115 postquam
1083 1039 1162 1098 audi-

209 1148 251 1206 vit
279 1150 387 1223 Scipio,
415 1149 492 1207 fores
522 1154 642 1206 reserari
670 1154 781 1223 eosque
809 1148 956 1207 introduci
983 1150 1074 1207 iussit.
1117 1149 1163 1206 Illi

210 1262 310 1332 postEs
335 1257 438 1315 ianuae
463 1266 615 1331 tamquam
639 1257 886 1331 religiosissimam
915 1263 995 1314 aram
1022 1262 1161 1327 venerati,

210 1364 320 1439 cupide
338 1364 482 1439 Scipionis
497 1364 631 1421 dextram
646 1363 907 1438 apprehenderunt
921 1382 957 1420 ac
971 1363 1023 1421 diii
1037 1362 1160 1421 deoscu-

211 1473 260 1529 lati
274 1481 359 1543 sunt3
382 1470 491 1528 deinde
507 1470 609 1544 positis
623 1480 692 1527 ante
706 1470 882 1528 vestibulum
894 1469 979 1527 donis
993 1470 1069 1540 laetI,
1080 1468 1161 1543 quod
1185 1491 1210 1521 ιο

211 1578 274 1649 sibi,
291 1578 460 1651 Scipionem
482 1586 514 1633 ut
535 1575 678 1646 viderent,
694 1576 873 1650 contigisset,
889 1576 1014 1641 domum
1036 1580 1161 1633 reverte-

208 1692 284 1741 runt.
327 1684 417 1740 Paulo
432 1692 499 1756 post
514 1692 646 1739 mortuus
657 1690 702 1738 est
716 1682 814 1755 Scipio
826 1682 1011 1756 moriensque
1023 1682 1061 1739 ab
1071 1686 1162 1739 uxore

209 1789 303 1865 petiit,
318 1793 356 1846 ne
370 1806 477 1862 eorpus
492 1806 577 1845 suum
592 1788 720 1845 Romam
735 1764 898 1845 referretur.

221 2131 358 2186 XVIII.
398 2129 556 2182 Tiberius
577 2127 756 2182 Gracchus
774 2132 807 2181 et
827 2127 939 2182 Gutus
960 2129 1150 2184 Gracchus.

250 2318 386 2376 Tiberius
409 2327 439 2374 et
461 2317 551 2375 Gaius
574 2316 703 2374 Gracchi
724 2316 868 2390 Scipionis
890 2302 1019 2372 africani
1044 2335 1080 2373 ex
1103 2316 1164 2374 filia

211 2429 336 2499 nepotes
365 2433 456 2480 erant.
507 2424 624 2480 Horum
653 2419 855 2478 adulescentia
882 2422 967 2479 bonis
995 2421 1105 2480 artibus
1133 2432 1164 2479 et
1187 2445 1210 2492 ις

212 2536 317 2605 magna
338 2529 469 2586 omnium
491 2532 544 2602 spe
565 2534 669 2585 exacta
684 2537 747 2599 est3
769 2526 807 2583 ad
823 2527 971 2602 'egregiam
986 2528 1065 2584 enim
1079 2528 1163 2585 indo-

211 2637 270 2694 lem
292 2637 406 2710 optima
427 2635 590 2693 accedebat
612 2633 758 2691 educatio.
802 2635 893 2690 Erant
914 2635 992 2690 enim
1014 2633 1165 2709 diligentia

212 2743 366 2802 Corneliae
389 2743 487 2800 matris
509 2748 526 2799 'a'
546 2749 641 2816 pueris
656 2740 739 2798 docti
753 2751 783 2798 et
798 2742 918 2799 Graecis
934 2741 1035 2798 litteris
1050 2739 1164 2797 Eruditi.

212 2850 375 2906 Maximum
398 2854 537 2906 matronis
559 2854 764 2905 ornamentum
787 2865 850 2904 esse
872 2847 979 2904 liberos
997 2847 1073 2903 bene
1087 2846 1166 2902 insti-

211 2961 289 3012 tutos
305 2955 410 3012 merito
424 2955 545 3028 putabat
560 2960 654 3011 mater
664 2953 713 3009 illa
724 2953 947 3027 sapientissima.
989 2952 1066 3010 Cum
1077 2952 1164 3009 Cam·
1187 2976 1214 3006 20

212 3065 289 3135 pana
314 3065 455 3130 matrona,
477 3058 557 3133 apud
581 3059 660 3116 illam
685 3059 812 3132 hospita,
838 3064 1011 3115 ornamenta
1033 3075 1093 3126 sua,
1116 3057 1166 3114 illo

212 3166 330 3224 saeculo
356 3165 561 3240 pulcherrima,
585 3169 747 3222 ostentaret
769 3170 796 3221 ei
818 3163 1006 3233 muliebriter,
1029 3162 1166 3221 ComElia

212 3272 297 3330 traxit
322 3289 388 3329 eam
414 3276 557 3342 sermone,
580 3274 734 3345 quoiisque
757 3274 774 3327 ὅ
796 3270 898 3327 schola
922 3268 1051 3327 redirent
1072 3268 1164 3327 liberi.

213 3379 295 3451 Quos
311 3383 442 3435 reversos
457 3377 592 3451 hospitae
607 3375 776 3445 ostendens,
793 3380 810 3405 “
822 3377 939 3445 Haec‚”
954 3375 1057 3448 inquit,
1073 3378 1168 3431 “mea

213 3489 386 3541 ornamenta
400 3483 495 3541 sunt.'’
539 3481 620 3539 Nihil
632 3480 755 3556 quidem
764 3481 809 3538 his
821 3480 1059 3538 adulescentibus
1070 3498 1167 3554 neque
1189 3509 1214 3555 25
