2742 3975
411 305 554 368 Publius
580 302 749 367 Cornelius
772 302 883 385 Scipio
1091 320 1130 381 41

179 525 263 582 ritite
276 526 530 585 confirmirentur.
569 528 616 584 Ita
626 531 701 601 pice
713 530 791 584 terri
801 531 932 599 marique
944 530 1028 599 parti
1036 523 1134 599 Scipio

180 631 311 689 exercitii
332 632 362 687 in
384 637 472 690 nivis
493 632 633 706 imposito
654 633 784 689 Romam
807 631 934 688 revertit.
975 630 1024 687 Ad
1044 647 1133 703 quem

179 736 389 795 advenientem
413 755 572 796 concursus
593 738 697 813 ingens
719 738 813 794 factus
833 745 877 794 est
888 757 896 808 ;
918 735 1009 793 eflusa
1022 740 1084 794 non
1098 753 1135 793 ex

179 842 299 901 urbibus
322 843 423 914 mod0,
439 843 492 901 sed
511 843 599 901 etiam
623 862 660 900 ex
682 849 757 917 agiis
779 841 937 899 multitfido
958 841 1035 898 viam
1057 841 1134 899 obsi·

179 948 279 1007 debat.
322 949 420 1023 Scipio
440 949 515 1006 inter
534 948 743 1023 gritulantium
764 948 881 1022 plausis
902 947 1052 1021 triumpho
1071 965 1134 1004 om·
1170 968 1181 1014 5

179 1055 261 1112 nium
285 1054 445 1113 dirissimo
468 1054 574 1113 urbem
599 1064 643 1112 est
665 1054 798 1111 invectus
823 1059 992 1128 primusque
1014 1052 1134 1110 nomine

178 1164 273 1219 victae
301 1166 319 1219 i
345 1165 377 1219 se
404 1161 500 1236 gentis
528 1169 573 1218 est
600 1160 770 1218 nobilititus
794 1147 1005 1233 diricinusque
1033 1158 1134 1233 appel-

179 1266 263 1325 litus,

221 1373 267 1429 Ex
292 1371 335 1429 his
358 1372 444 1430 ribus
468 1377 557 1447 gestis
582 1372 676 1429 virum
701 1389 771 1429 eum
796 1388 860 1429 esse
883 1370 998 1428 virtitis
1019 1369 1134 1428 divinae

179 1478 267 1552 vulgo
287 1478 433 1536 criditum
453 1486 506 1535 est.
549 1476 587 1534 Id
612 1478 702 1535 etiam
727 1476 827 1533 dicere
848 1476 928 1533 haud
947 1477 1037 1551 piget,
1053 1474 1134 1550 quod
1157 1505 1184 1537 ιο

179 1588 336 1658 scriptores
358 1582 397 1641 de
416 1588 453 1640 eo
471 1584 574 1641 litteris
589 1581 812 1653 memmerunt,
827 1582 995 1656 Scipionem
1010 1585 1133 1639 consue-

179 1690 264 1761 visse,
280 1690 450 1764 priusquam
473 1688 676 1760 dilficesceret,
692 1688 723 1745 in
743 1688 923 1762 Capitolium
939 1688 1081 1745 ventitire
1099 1704 1134 1744 ac

180 1796 281 1854 iubere
303 1802 408 1869 aperiri
429 1795 534 1852 cellam
550 1795 629 1853 Iovis
644 1804 733 1868 atque
747 1793 789 1851 ibi
803 1793 898 1852 solum
912 1793 964 1851 diii
978 1793 1134 1864 demoriri,

180 1901 263 1975 quasi
277 1902 494 1959 consultantem
509 1899 549 1958 de
563 1906 595 1959 ri
610 1900 730 1975 publici
744 1918 812 1956 eum
828 1900 919 1971 Iove;
940 1898 1135 1973 aedituosque

180 2009 242 2066 eius
262 2008 365 2082 templi
381 2024 470 2081 saepe
492 2025 556 2065 esse
578 2012 706 2078 miritis,
722 2005 803 2080 quod
818 2024 886 2064 eum
900 2006 931 2064 id
947 2006 1089 2081 temporis
1103 2007 1134 2062 in
1157 2033 1182 2082 ις

180 2113 359 2189 Capitolium
381 2113 597 2188 ingredientem
623 2117 722 2184 canes,
746 2130 865 2187 semper
888 2112 919 2168 in
943 2112 1014 2169 alios
1042 2112 1133 2169 saevi-

179 2225 272 2291 entes,
295 2224 356 2276 non
378 2218 525 2277 litrirent.
568 2219 634 2276 His
655 2218 734 2293 vulgi
756 2217 795 2276 de
820 2218 958 2293 Scipione
980 2218 1134 2292 opiniones

179 2325 357 2383 consumite
382 2335 471 2399 atque
501 2324 667 2400 approbire
692 2323 869 2382 videbantur
893 2323 973 2380 dicta
998 2324 1134 2398 factaque

179 2433 241 2490 eius
265 2431 406 2506 ploraque
428 2429 610 2501 admiranda,
631 2448 668 2488 ex
692 2430 798 2504 quibus
822 2438 867 2486 est
888 2434 979 2487 imum
1000 2429 1134 2487 htiiusce-

178 2537 281 2610 modi;
310 2537 466 2595 adsidEbat
487 2535 739 2612 oppignibatque
758 2534 905 2610 oppidum
925 2535 955 2592 in
979 2535 1134 2610 Hispinii,
1155 2564 1184 2595 20

178 2644 235 2703 situ
259 2643 473 2716 moenibusque
497 2659 533 2699 ac
556 2641 762 2701 defensoribus
782 2639 911 2698 validum
933 2648 963 2697 et
979 2645 1133 2710 munitum,

178 2755 209 2808 ri
224 2751 314 2808 etiam
330 2750 441 2807 cibirii
455 2749 619 2822 copiosum,
635 2765 733 2821 neque
750 2746 809 2804 silla
826 2746 888 2803 eius
909 2744 1047 2820 potiundi
1067 2750 1134 2820 spes

178 2865 249 2914 erat.
293 2854 432 2929 Quodam
454 2854 504 2912 die
525 2854 569 2912 ius
591 2853 745 2915 incastris
767 2851 874 2911 sedens
895 2852 1014 2911 dicebat
1035 2852 1135 2926 Scipio

178 2972 266 3035 atque
292 2979 329 3018 ex
354 2965 390 3018 eo
415 2961 482 3018 Ioco
506 2958 537 3017 id
561 2957 705 3034 oppidum
728 2959 831 3033 procul
852 2958 1015 3016 videbitur.
1056 2958 1134 3015 Tum

177 3071 195 3124 ἓ
217 3066 364 3138 militibus,
387 3073 438 3140 qui
461 3066 492 3123 in
515 3066 576 3123 isne
599 3063 680 3140 apud
705 3082 774 3122 eum
800 3064 924 3135 stibant,
946 3063 1135 3138 interrogivit
1155 3091 1181 3140 ²5

177 3173 324 3247 quispiam
347 3191 384 3230 ex
407 3177 499 3243 more,
514 3171 545 3228 in
567 3189 656 3245 quem
680 3170 760 3229 diem
782 3170 941 3245 locumque
963 3170 1053 3228 vadis
1074 3171 1135 3228 sisti

177 3280 300 3338 iuberet.
344 3279 383 3336 Et
404 3278 502 3354 Scipio
524 3296 645 3336 manum
664 3277 703 3336 ad
720 3277 815 3352 ipsam
830 3277 944 3351 oppidi,
959 3276 1041 3350 quod
1056 3276 1133 3334 obsi-

177 3385 310 3456 debitur,
332 3403 432 3442 arcem
460 3383 651 3459 protendens,
691 3382 893 3454 “Perendie‚”
916 3382 1019 3457 inquit,
1042 3386 1135 3440 “sesi

176 3491 280 3550 sistant
307 3491 356 3548 illo
381 3490 412 3547 in
440 3490 536 3548 loco.”
579 3492 676 3564 Atque
698 3489 740 3546 ita
763 3488 874 3546 sactum
885 3509 894 3561 ;
916 3488 966 3546 die
987 3489 1081 3558 tertii,
1103 3487 1134 3545 in
