2742 3975
395 292 538 355 Publius
563 290 731 356 Cornelius
763 292 872 371 Scipio
1070 304 1110 370 37

156 523 271 571 menter
281 513 428 589 gessisset,
441 513 620 570 circumitisa
631 510 789 569 multitado
801 530 870 568 eum
884 516 985 586 rigam
999 511 1111 586 ingenti

157 624 303 677 consinsit
327 618 504 693 appellavit;
533 628 563 675 at
587 618 685 692 Scipio
711 617 827 674 silentio
852 633 906 691 per
930 623 1110 691 praeconem

157 726 245 799 facto,
278 726 428 782 “Nomen
447 724 662 798 imperatoris,”
678 723 782 798 inquit,
798 726 886 796 “quo
907 727 956 781 mi
977 731 1037 782 mei
1057 731 1109 782 mi-

156 831 222 888 lites
250 831 442 905 appellarunt,
468 830 540 887 mihi
568 830 729 887 maximum
758 839 822 901 est;
850 830 963 903 regium
990 836 1109 903 nomen,

156 936 226 994 alibi
248 942 396 1011 mignum,
421 938 535 993 Romae
559 935 742 1013 intolerabile
766 945 820 992 est.
863 936 892 993 ffi
913 934 944 992 id
967 938 1109 1012 amplissi-
1138 965 1149 1013 ς
1242 979 1247 986 .

157 1061 238 1099 mum
264 1042 408 1113 indicatis
434 1041 516 1116 quod
543 1041 639 1115 regale
666 1051 719 1112 est,
745 1041 829 1098 vobis
853 1041 923 1099 licet
946 1044 1109 1102 existimire

157 1149 286 1223 uigilem
309 1148 341 1205 in
363 1152 411 1205 mi
435 1166 498 1205 esse
524 1148 675 1221 animum,
701 1148 756 1205 sed
778 1153 831 1206 oro
853 1152 915 1219 voe,
937 1158 969 1206 ut
993 1155 1010 1207 i
1035 1150 1110 1225 regis

158 1253 568 1329 appellationeabstineatis)¹
613 1254 736 1312 Sc'nsire
756 1254 846 1310 etiam
864 1253 978 1312 barbari
999 1257 1109 1330 migni-
1206 1259 1211 1267 '

157 1360 291 1418 ts1dinem
312 1362 412 1432 animi,
433 1366 493 1434 qua
512 1360 611 1435 Scipio
632 1359 663 1417 id
685 1359 903 1435 aspernabatur,
918 1360 999 1435 quod
1021 1366 1111 1420 citeri

158 1468 294 1525 mortalis
316 1467 497 1525 admirantur
518 1476 548 1524 et
570 1472 794 1540 concupiscunt.
1132 1496 1158 1528 ιο

198 1574 295 1648 Scipio
324 1579 445 1647 recepta
472 1573 619 1647 Hispania
646 1592 715 1631 cum
740 1573 798 1630 iam
823 1574 934 1632 bellum
957 1575 989 1632 in
1015 1576 1109 1650 ipsam

156 1664 285 1736 dsricam
300 1680 456 1737 transferre
471 1678 673 1752 meditairittur,
690 1679 892 1738 conciliandos
910 1681 989 1755 prius
1007 1686 1110 1757 rigum

156 1794 187 1842 et
200 1785 333 1860 gentium
348 1785 462 1843 animos
477 1784 660 1843 existimivit.
697 1785 872 1860 Syphacem,
883 1788 1054 1845 Maurorum
1069 1791 1110 1845 ri-

156 1909 234 1966 gem,
250 1891 506 1965 opulentissimum
525 1897 612 1949 totius
626 1875 744 1948 luteae
767 1896 876 1967 rigam,
892 1910 981 1967 quem
1002 1899 1110 1968 magno

156 2003 221 2055 tisui
242 1998 296 2057 sibi
320 1999 382 2056 iore
405 2004 544 2073 spiraret,
568 2005 696 2073 primum
719 2005 831 2057 tentare
854 1999 963 2057 statuit.
1005 1999 1156 2074 Itaque15

155 2103 284 2179 legatum
308 2122 377 2163 cum
399 2104 484 2163 donis
507 2103 545 2162 ad
570 2122 638 2162 eum
664 2105 742 2162 misit
765 2105 801 2164 C.
824 2090 965 2177 Laelium,
980 2111 1109 2180 quocum

155 2208 259 2267 intima
283 2210 478 2268 familiaritate
502 2210 628 2269 vivebat.
674 2211 792 2286 Syphaix
816 2211 975 2268 amicitiam
1000 2213 1109 2270 Romi-

155 2321 261 2374 norum
275 2320 308 2374 sd
322 2316 457 2390 accipere
473 2315 584 2388 adnuit,
600 2315 654 2374 sed
675 2316 767 2374 fidem
785 2335 843 2375 nec
865 2317 935 2375 dare
955 2335 1013 2375 nec
1031 2319 1109 2376 acci-

156 2439 238 2497 pere,
253 2421 309 2480 nisi
324 2439 393 2479 cum
408 2421 473 2496 ipso
487 2428 588 2480 cdram
609 2421 685 2480 duce
709 2424 855 2494 Romano,
870 2424 970 2482 voluit.
1012 2425 1109 2499 Scipio

155 2528 242 2602 igitur
263 2527 294 2584 in
314 2513 444 2585 liricam
464 2528 587 2586 triiicit.
630 2529 719 2586 Forte
741 2528 782 2586 ita
804 2528 917 2601 incidit,
932 2540 965 2587 ut
987 2534 1023 2588 ed
1044 2531 1109 2605 ipso
1130 2555 1158 2587 κο

155 2642 292 2708 tempore
308 2633 478 2692 Hasdrubal
492 2635 592 2709 pulsus
614 2634 761 2708 Hispania}
781 2634 819 2692 ad
841 2634 969 2693 eundem
991 2645 1109 2710 portum

156 2863 213 2919 que
229 2849 329 2920 {rige
343 2845 374 2902 in
392 2845 552 2920 hospitium
568 2845 713 2904 invititus.
754 2847 901 2905 Cinitum
922 2847 1008 2905 simul
1028 2847 1109 2923 apud

156 2956 257 3025 rigam
283 2961 336 3023 est,
360 2951 469 3009 eodem
493 2952 582 3009 etiam
604 2951 683 3009 lecto
706 2953 804 3026 Scipio
827 2963 916 3028 atque
939 2954 1109 3014 Hasdrubal

155 3057 366 3115 accubuerunt.
407 3057 504 3116 Tanta
525 3067 624 3115 autem
647 3058 741 3115 inerat
763 3059 887 3116 comitis
909 3060 939 3117 in
962 3061 1108 3135 Scipione,
1129 3090 1155 3138 ²5

155 3166 262 3220 utnon
277 3162 442 3237 Syphacem
458 3162 559 3234 modo,
575 3163 629 3222 sed
644 3165 733 3220 etiam
753 3163 868 3222 hostem
889 3165 1109 3224 infestissimum

156 3268 376 3327 Hasdrubalem
397 3269 453 3327 sibi
473 3270 653 3329 conciliaret.
695 3271 794 3345 scipio
815 3270 936 3329 foedere
957 3271 1018 3330 icto
1039 3292 1108 3331 cum

156 3374 289 3449 Syphace
304 3375 335 3432 in
349 3375 526 3449 Hispaniam
541 3374 580 3433 ad
596 3376 757 3433 exercitum
771 3376 867 3434 rediit.

197 3479 353 3538 Masinissa
363 3499 482 3555 quoque
494 3482 652 3538 amicitiam
668 3500 737 3538 cum
751 3483 888 3556 Scipione
903 3483 1023 3558 iungere
1037 3485 1108 3542 iam·
