2742 3975
522 315 628 379 Gaius
649 314 785 378 Marius
1088 330 1125 396 51

176 548 277 616 paucis
296 546 415 599 suerum
433 538 473 597 ad
490 538 599 597 vallum
618 516 789 596 Remanum
807 537 982 613 adequitans
1001 538 1129 611 Boiorix,

177 646 365 707 Cimbrerum
387 646 456 717 dux,
471 645 600 703 Marium
622 643 660 703 ad
682 649 811 720 pegnam
833 649 976 719 provocat
996 653 1028 703 et
1047 644 1129 703 diem

176 758 292 828 pegnae
326 758 344 810 a
373 753 577 810 Remanerum
612 750 790 826 imperatere
821 749 906 825 petit.
958 750 1129 809 Proximum

176 857 261 917 dedit
274 858 386 916 censui.
429 857 541 916 Marius
560 874 629 913 cum
647 856 743 913 aciem
765 855 806 913 ita
825 855 1005 929 instituisset,
1016 866 1050 914 ut
1068 856 1131 932 pul·

175 964 219 1022 vis
243 964 275 1021 in
293 964 395 1021 ocules
418 972 447 1021 et
471 968 524 1021 ora
546 962 674 1021 hostium
697 962 828 1034 serretur,
847 960 1013 1020 incredibili
1033 968 1128 1038 strage
1152 981 1164 1030 5

176 1074 322 1145 prestrata
339 1078 384 1128 est
402 1069 451 1127 illa
466 1046 662 1128 Cimbrorum
674 1066 851 1141 multitad63
873 1085 961 1126 caesa
976 1066 1130 1127 traduntur

176 1184 296 1233 centum
311 1175 462 1250 octaginta
480 1174 633 1232 hominum
653 1173 741 1231 mdia.
785 1173 851 1231 Nec
865 1173 962 1233 minor
974 1178 1129 1236 cumuxe·

176 1280 255 1340 ribus
277 1286 375 1356 pagna
393 1299 482 1355 quam
504 1298 573 1337 cum
594 1280 661 1337 viris
684 1278 747 1352 fuit,
762 1296 831 1336 cum
852 1279 975 1339 obiectis
997 1278 1129 1355 undique

176 1387 310 1462 plaustris
330 1385 467 1462 desuper,
482 1385 566 1461 quasi
580 1390 597 1443 e
612 1384 747 1457 turribus,
761 1384 871 1443 lanceis
887 1392 1041 1460 contisque
1055 1377 1128 1461 prig'-

176 1498 289 1551 narent.
331 1494 433 1550 Victae
453 1502 553 1550 tamen
573 1510 643 1549 cum
664 1494 753 1549 missa
772 1489 811 1549 ad
833 1491 961 1549 Marium
982 1491 1129 1568 legatiene
1150 1514 1178 1545 ιο

176 1597 341 1657 libertatem
362 1604 423 1656 nan
444 1596 658 1673 impetrassent,
681 1596 831 1655 suffocatis
853 1597 989 1672 elisisque
1011 1597 1128 1656 infanti·

176 1704 231 1763 bus
252 1710 310 1763 suis
331 1713 381 1761 aut
401 1708 508 1762 metiris
527 1703 722 1761 conciderunt
735 1703 902 1763 vulneribus
916 1714 967 1763 aut
979 1704 1129 1763 vinculae

177 1809 304 1869 crinibus
335 1816 393 1869 suis
422 1810 500 1867 lacte
528 1810 566 1867 ab
594 1809 746 1868 arboribus
774 1808 989 1885 pependerunt.
1031 1811 1129 1870 Canes

177 1933 296 1991 quoque
311 1914 472 1974 defendere
488 1914 614 1973 Cimbris
631 1922 724 1974 caesis
739 1920 841 1974 eerum
856 1916 972 1974 domas.
1016 1916 1129 1975 Marius

176 2027 232 2098 pre
256 2021 372 2080 duobus
397 2021 559 2097 triumphis,
584 2028 635 2097 qui
658 2022 863 2094 offerebantur,
886 2027 946 2081 ane
970 2033 1129 2082 contentus
1149 2043 1175 2092 ¹5

177 2127 239 2186 fuit.
290 2129 435 2186 Primeres
466 2128 598 2200 civitatis
628 2135 678 2204 qui
709 2134 737 2186 ei
770 2127 950 2203 aliquamdiu
984 2138 1016 2189 ut
1049 2133 1129 2188 nove

177 2233 291 2292 homini
310 2232 349 2291 ad
373 2239 471 2292 tantas
496 2233 624 2292 honeres
649 2239 754 2292 evecta
777 2232 952 2307 inviderant,
972 2239 1128 2293 conserva-

176 2349 238 2398 tam
259 2339 355 2398 abed
376 2357 439 2397 rem
460 2340 608 2416 publicam
627 2340 802 2399 fatebantur.
845 2340 882 2397 In
895 2340 960 2416 ipsa
977 2341 1041 2399 acie
1062 2341 1127 2398 Ma·

176 2445 235 2503 rius
259 2443 332 2503 duas
356 2445 537 2504 Camertium
565 2446 712 2518 cohortes,
734 2452 807 2504 mira
832 2446 938 2504 vittate
965 2446 1025 2504 vim
1047 2447 1127 2505 Cim·

176 2550 297 2610 bremm
325 2551 508 2623 sustinentes,
538 2558 641 2610 contra
675 2551 772 2627 legem
806 2552 924 2610 civitate
958 2551 1127 2611 danaverat.
1149 2575 1176 2606 ιο

177 2642 269 2730 Quod
287 2655 409 2731 quidem
431 2657 540 2715 factum
562 2668 591 2715 et
612 2661 680 2716 vere
702 2667 732 2715 et
753 2658 870 2733 egregie
888 2663 993 2732 postea
1009 2663 1127 2716 excasa-

175 2763 227 2834 vit,
245 2761 354 2833 dicem,
372 2763 448 2821 inter
466 2768 614 2821 armemm
636 2764 790 2839 strepitum
808 2764 898 2822 verba
919 2768 951 2822 se
971 2762 1040 2822 iaris
1060 2769 1128 2821 civi-

176 2868 211 2926 lis
232 2866 370 2926 exaudire
390 2874 451 2926 nen
472 2869 612 2944 potuisse.

219 2974 273 3031 Illa
288 2979 464 3048 tempestate
481 2980 607 3048 primum
626 2976 742 3033 Remae
762 2975 873 3033 bellum
891 2975 975 3033 civile
995 2981 1128 3035 comme-

177 3089 240 3137 tum
259 3089 311 3138 est.
347 3080 473 3139 Causam
491 3079 569 3139 belle
589 3079 672 3138 dedit
690 3080 781 3139 Gaius
798 3081 918 3139 Marius.
954 3081 1032 3140 Cum
1049 3081 1129 3139 enim
1150 3103 1176 3150 25

176 3185 255 3244 Sulla
282 3185 385 3244 censul
409 3192 512 3244 contra
539 3185 754 3258 Mithridatem,
778 3191 879 3262 regem
907 3188 1002 3257 Ponti,
1027 3188 1129 3245 missus

155 3290 287 3363 luisset,
316 3291 468 3367 Sulpicius
497 3292 630 3351 tribanus
665 3292 770 3367 plebiS,
795 3293 890 3367 legem
919 3292 958 3351 ad
986 3281 1129 3367 populum

177 3397 252 3468 tulit,
267 3407 299 3454 ut
320 3397 415 3455 Sullae
438 3398 592 3472 imperium
615 3397 812 3472 abrogaretur,
835 3398 870 3456 C.
897 3398 994 3455 Mario
1019 3397 1128 3456 bellum

177 3501 385 3561 decerneretur
413 3502 656 3561 Mithridaticum.
707 3504 774 3577 Qua
801 3508 833 3561 re
861 3503 939 3562 Sulla
962 3509 1130 3561 commotus
