2742 3975
240 304 279 366 14
456 286 553 351 Urbis
574 288 701 350 Romae
726 288 800 352 Viri
819 287 972 351 Illustrcs

236 569 337 625 VIII.
377 569 594 636 Tarquinius
626 567 818 637 Superbus,
848 568 1096 624 Rdmdadrum
1123 571 1187 622 νὸω

508 662 678 727 septimus
699 664 732 714 et
754 661 912 715 altimus.

621 808 737 859 ⁵34·510
753 806 801 846 ac.

274 930 450 1006 Tarquinius
467 930 614 1006 Superbus
633 935 757 1008 regnum
778 930 902 990 sceleste
923 932 1087 1007 occupavit
1129 932 1187 989 Ta·

236 1055 306 1095 men
319 1037 398 1096 bellu
412 1041 546 1095 strenuus
567 1038 686 1095 Latinds
707 1035 888 1113 Sabinusque
909 1038 1033 1096 domuit.
1074 1037 1187 1097 Urbem

236 1142 348 1202 Gabids
362 1143 392 1200 in
407 1149 583 1218 potestatem
607 1142 723 1218 redegit
744 1143 846 1202 fraude
867 1144 947 1203 Sexti
966 1144 1027 1201 tilii.
1070 1144 1188 1202 Iseum

236 1248 355 1324 indigne
371 1249 467 1321 ferret,
483 1266 550 1307 eam
563 1249 667 1308 urbem
690 1255 708 1308 a't
728 1258 811 1324 patre
833 1254 993 1325 expugnari
1011 1255 1070 1307 nun
1090 1268 1187 1325 posse,

202 1362 213 1410 5
236 1354 275 1413 ad
290 1354 420 1413 Gabinds
435 1359 467 1413 se
481 1355 614 1427 contulit,
630 1355 722 1430 patris
737 1355 888 1413 saevitiam
903 1355 934 1412 in
947 1360 979 1413 se
993 1360 1186 1429 conquerens.

236 1462 366 1535 Benigne
384 1466 401 1518 Ξ
418 1460 540 1519 Gabinis
562 1471 705 1536 exceptus
726 1461 867 1537 paulatim
888 1466 990 1519 ebrum
1011 1461 1187 1519 benevolen-

236 1567 307 1625 tiam
331 1566 530 1641 cdnsequitur,
556 1564 634 1624 tietis
662 1566 811 1624 blanditiis
838 1566 880 1624 ita
904 1571 955 1625 eds
979 1566 1131 1638 adliciens,
1156 1577 1189 1624 ut

235 1672 316 1749 apud
331 1676 434 1731 omnes
448 1672 607 1748 plutimum
622 1682 732 1747 posset,
747 1682 777 1731 et
791 1672 830 1731 ad
847 1676 1030 1747 posuimum
1043 1673 1105 1731 dux
1121 1672 1189 1731 belli

236 1779 399 1854 eligeretur.
440 1779 518 1835 Tum
533 1782 550 1837 ἒ
565 1784 622 1837 suis
641 1783 732 1837 [inum
753 1777 793 1836 ad
813 1788 929 1853 patrem
951 1778 1039 1837 mittit
1061 1778 1187 1836 scisciti-

189 1907 216 1939 ιο
236 1895 308 1956 tum,
330 1883 472 1959 quidnam
494 1888 526 1942 se
547 1884 645 1942 iacere
666 1885 762 1943 veliet.
806 1887 892 1942 Pater
914 1884 1018 1943 nfintid
1043 1885 1096 1942 tilii
1117 1884 1188 1942 nihil

236 1991 397 2067 respondit,
421 1991 474 2050 sed
498 1991 578 2052 velut
605 1990 852 2050 deliberabundus
875 1992 907 2048 in
931 1991 1049 2049 hortum
1076 1991 1189 2050 transiit

235 2096 335 2172 ibique
357 2097 541 2156 inambulans
563 2107 705 2172 sequente
726 2098 829 2156 mintid
849 2096 990 2155 altissima
1010 2103 1188 2173 papdverum

235 2205 334 2279 capita
361 2204 467 2263 baculi>
496 2203 634 2262 decussit.
693 2204 830 2275 Nuntius,
858 2203 950 2261 fessus
978 2203 1187 2278 exspectandi),

236 2310 323 2369 rediit
350 2310 472 2369 Gabids.
515 2311 618 2369 Sextus
646 2309 766 2385 cogniti>
794 2308 909 2367 silentii>
937 2309 1027 2383 patris
1055 2319 1086 2366 et
1109 2309 1189 2366 facti>

189 2439 213 2486 ις
235 2416 384 2488 intellexit,
402 2415 473 2491 quid
487 2416 576 2475 vellet
596 2426 691 2491 pater.
736 2417 881 2473 Primdres
897 2414 1022 2473 civititis
1041 2414 1190 2473 interemit

235 2527 370 2598 patrique
384 2522 488 2581 urbem
503 2523 566 2581 sine
580 2522 638 2580 ulla
652 2521 843 2578 dimicitidne
857 2520 987 2578 tradidit.

276 2631 383 2688 Postea
397 2633 448 2686 rix
462 2627 591 2686 Ardeam
606 2627 711 2699 urbem
726 2625 892 2685 obsidebat.
934 2625 981 2684 Ibi
998 2644 1067 2683 cum
1081 2626 1112 2683 in
1126 2644 1188 2684 cas-

237 2740 287 2792 tris
301 2745 408 2805 essent‚
423 2733 600 2808 Tarquinius
615 2733 786 2804 Collatinus,
801 2737 901 2790 sordre
914 2732 990 2806 regis
1003 2737 1099 2803 natus,
1113 2732 1188 2789 forte

236 2840 362 2898 cenibat
375 2839 456 2914 apud
473 2840 593 2899 Sextum
614 2838 808 2914 Tarquinium
830 2855 898 2895 cum
920 2837 1073 2895 iuvenibus
1094 2836 1188 2912 regiis.

187 2972 215 3002 ιο
236 2944 346 3004 Incidit
360 2945 400 3004 de
414 2945 552 3003 uxdribus
573 2944 705 3016 menti53
727 2962 796 3001 cum
813 2961 896 3000 suam
912 2942 1111 3017 unusquisque
1128 2943 1188 2999 lau·
1245 2940 1253 2948 ’

235 3051 328 3122 d'a'ret,
343 3049 454 3124 placuit
468 3055 600 3123 experiri.
643 3050 749 3125 Itaque
764 3048 858 3106 cititis
877 3053 959 3122 equis
977 3049 1106 3106 Rdmam
1121 3053 1188 3106 avo·

235 3157 296 3214 lant
306 3175 315 3229 3
346 3155 440 3230 regiis
463 3159 552 3214 nurus
576 3155 607 3213 in
635 3154 769 3214 convivi&
799 3164 829 3212 et
855 3153 923 3212 luxit
952 3152 1189 3228 deprehendunt.

237 3263 364 3338 Pergunt
392 3261 462 3320 inde
487 3260 643 3321 Collatiam
654 3282 663 3334 3
693 3259 870 3331 Lucretiam,
895 3259 1032 3317 Collatini
1056 3262 1188 3330 uxBrem,

237 3369 312 3426 inter
332 3367 452 3426 ancillis
467 3367 551 3426 linae
566 3366 700 3425 deditam
722 3366 882 3425 inveniunt.
926 3367 971 3423 Ea
992 3369 1063 3441 ergf)
1083 3369 1189 3423 ceteris

188 3503 214 3550 ²5
237 3478 383 3548 praestire
399 3472 551 3530 iudicitur.
589 3473 693 3530 Paucis
708 3471 868 3529 interiectis
883 3470 988 3529 diebus
1001 3471 1105 3530 Sextus
1119 3471 1188 3530 Col-
