2742 3975
242 287 283 333 20
460 271 557 335 Urbis
580 272 707 334 Romae
731 271 805 334 Viri
826 270 976 332 Illustres

240 491 278 549 ad
301 497 405 565 pacem
428 501 457 549 et
479 491 583 549 foedus
606 492 773 549 laciendum
796 491 934 548 inclinare
955 491 1112 562 videtetur,
1130 500 1192 547 tum

240 598 353 671 Appius
370 596 511 655 Claudius
533 598 573 655 ob
594 602 778 655 senectutem
800 606 830 654 et
850 598 1025 654 caecitatem
1047 597 1193 655 abstinere

240 704 320 760 curia
334 702 403 760 olim
420 704 520 760 solitus
535 704 691 760 confestim
706 704 736 759 in
756 708 890 760 senatum
910 703 1015 759 lectica
1035 702 1140 759 deferri
1162 706 1193 760 se

241 810 322 867 iussit
342 810 441 883 ibique
462 809 631 883 gravissima
652 809 785 866 oratione
806 814 912 883 pacem
932 807 1077 878 dissuasit,
1094 809 1193 882 itaque

207 933 217 980 5
241 920 413 990 responsum
430 916 540 989 Pyrrho
555 921 572 971 a
587 920 690 972 senatu
705 926 759 986 est,
775 933 852 986 eum,
868 894 966 972 donec
988 914 1074 972 Italia
1093 932 1192 972 exces-

241 1022 334 1092 sisset,
347 1027 452 1096 pacem
467 1040 535 1079 cum
552 1023 693 1079 Romanis
708 1022 817 1080 habere
832 1026 893 1079 non
907 1039 1004 1096 posse.
1040 1023 1195 1079 Praeterea

242 1129 370 1185 Romani
394 1133 524 1201 captIvos
553 1132 665 1199 omnes,
691 1132 765 1202 quos
794 1127 920 1203 Pyrrhus
947 1126 1127 1200 reddiderat,
1150 1134 1193 1184 in-

242 1234 337 1291 fames
366 1234 465 1293 haberi
493 1236 646 1305 iusserunt,
675 1233 757 1308 quod
792 1238 895 1290 armati
927 1240 993 1308 capi
1022 1234 1193 1308 potuissent,

243 1357 339 1414 neque
353 1350 421 1397 ante
436 1345 487 1397 eos
503 1339 541 1397 ad
556 1350 688 1397 veterem
709 1350 817 1397 statum
832 1346 938 1397 reverti
952 1357 1041 1413 quarn
1056 1345 1080 1397 si
1094 1340 1194 1397 binum

196 1469 221 1500 ιο
243 1446 371 1503 hostiurn
395 1450 560 1503 occisorum
585 1445 679 1520 spolia
704 1444 891 1503 rettulissent.
945 1447 992 1502 Ita
1018 1446 1128 1520 lEgatus
1155 1443 1194 1501 ad

243 1556 343 1626 regem
365 1551 483 1608 revertit
494 1572 502 1623 ;
531 1556 548 1609 a
572 1556 631 1625 quo
654 1569 723 1607 cum
748 1550 873 1624 Pyrrhus
896 1560 1060 1625 quaereret,
1078 1550 1195 1624 qualern

244 1659 371 1715 Romam
393 1662 594 1731 comperisset,
610 1656 718 1714 Cineas
739 1655 901 1729 respondit,
919 1656 1022 1714 urbem
1044 1655 1099 1713 sibi
1120 1664 1194 1712 tem-

243 1763 334 1838 plum,
350 1768 483 1819 senatum
498 1766 568 1819 vero
582 1765 754 1820 consessum
769 1766 870 1837 regum
886 1779 951 1819 esse
965 1767 1068 1819 visum.

492 2093 577 2148 x11.
610 2093 942 2148 aestimaremus.

662 2249 710 2306 278
728 2257 776 2293 ne.

285 2398 330 2455 Ex
358 2397 467 2471 legatis,
490 2401 540 2470 qui
565 2395 604 2453 ad
630 2396 771 2470 Pyrrhum
799 2395 839 2454 de
867 2400 989 2469 captivis
1016 2394 1196 2453 redimendis

197 2538 220 2585 ¹5
244 2509 393 2574 venerant,
422 2502 475 2558 luit
504 2501 536 2559 C.
570 2501 729 2559 Fabricius.
781 2501 872 2560 Cuius
900 2510 1058 2576 postquam
1086 2501 1197 2559 audivit

244 2608 369 2683 Pyrrhus
395 2613 534 2681 magnum
563 2623 627 2664 esse
656 2605 735 2680 apud
765 2607 917 2664 Romanos
942 2611 1061 2678 nornen,
1084 2616 1117 2663 ut
1143 2606 1197 2662 vin·

243 2716 312 2773 boni
330 2722 360 2770 et
377 2713 454 2782 bello
476 2712 594 2787 egregii,
611 2711 663 2769 sed
685 2710 849 2769 admodum
871 2712 1020 2787 pauperia,
1036 2729 1104 2768 eum
1124 2729 1196 2787 prae

243 2824 347 2878 ceteris
362 2818 524 2876 honorifice
543 2836 578 2875 ac
601 2817 758 2875 liberaliter
779 2817 881 2876 habuit
902 2823 988 2892 eique
1010 2822 1133 2874 munera
1152 2826 1195 2874 at·

243 2943 300 3002 que
329 2943 432 2982 aurum
460 2924 584 2996 obtulit3
613 2941 689 2997 quae
718 2923 819 2981 omnia
846 2923 1011 2998 repudiavit
1036 2923 1195 2981 Fabricius

194 3066 222 3097 20
245 3034 366 3090 Postero
381 3031 430 3089 die
444 3049 512 3087 curn
527 3029 607 3086 illum
625 3029 749 3104 Pyrrhus
763 3030 852 3088 vellet
872 3034 1018 3087 exterrere
1033 3034 1196 3104 conspectu

243 3138 339 3197 subito
355 3137 512 3211 elephanti,
527 3137 682 3210 imperavit
700 3141 757 3193 suis
775 3145 808 3193 ut
828 3136 962 3195 Fabricio
978 3139 1081 3193 secum
1094 3135 1195 3194 conlo

243 3253 352 3318 quente
381 3243 468 3301 belua
496 3253 564 3316 post
592 3241 728 3298 aulaeum
756 3240 971 3299 admovEretnr.
1027 3239 1117 3314 Quod
1145 3241 1197 3299 ubi

244 3351 353 3408 sactum
376 3359 430 3420 est,
449 3353 530 3422 signi)
552 3348 622 3406 dato
644 3352 818 3421 remotoque
840 3346 944 3404 aulaeo
965 3356 1088 3421 repente
1110 3347 1197 3405 belua

244 3455 399 3514 stridorem
414 3453 595 3511 horrendum
611 3451 708 3510 emisit
723 3461 753 3510 et
768 3451 978 3527 proboscidem
993 3469 1082 3527 super
1096 3451 1195 3510 Fabri·
