2742 3975
238 301 278 363 28
460 296 556 361 Urbis
577 296 705 359 Romae
729 296 801 360 Viri
821 295 972 358 Illustrcs
1044 342 1051 367 ,

236 522 367 597 pribrum
390 518 499 576 ducum
522 518 654 577 cladibus
671 518 805 589 edoctus,
819 518 891 576 belli
910 517 1055 575 ratidnem
1077 498 1189 575 minare

237 636 267 685 et
292 630 366 684 tuen
390 623 597 683 tantummodo
622 624 737 682 Italiam
761 622 921 681 cbnstituit.
964 625 1020 680 Per
1043 623 1109 680 loca
1131 624 1190 681 alta

237 750 344 808 agmen
366 731 496 789 ducibat
518 729 639 788 modici]
667 730 706 789 ab
734 730 819 787 hoste
847 729 1009 801 intervalla,
1033 739 1066 787 ut
1092 741 1190 804 neque

237 839 387 897 omitteret
404 856 473 895 eum
490 854 587 911 neque
603 854 673 895 curn
689 840 725 894 ed
740 835 970 910 congrederetur
979 856 987 909 ς
1010 840 1121 908 castris,
1135 836 1191 893 nisi

203 966 213 1013 5
236 954 379 1019 quantum
394 944 554 1001 necessitis
569 948 699 1018 cdgeret,
715 942 797 999 miles
813 942 974 999 tenibitur.
1010 942 1079 999 Dux
1092 958 1190 1015 neque

237 1050 387 1109 occasidni
401 1056 443 1107 rei
457 1049 534 1108 bene
548 1048 697 1123 gerendae
712 1047 823 1118 deerat,
839 1053 863 1104 si
877 1064 935 1122 qua
951 1047 990 1105 ab
1005 1046 1090 1104 hoste
1105 1046 1188 1104 dare-

237 1166 292 1228 tur,
308 1172 406 1230 neque
427 1154 516 1213 ullam
535 1154 598 1229 ipse
614 1154 692 1211 hosti
704 1153 804 1210 dabat.
845 1153 951 1226 Itaque
973 1170 1042 1209 cum
1063 1170 1100 1210 ex
1120 1153 1190 1211 levi-

237 1263 291 1321 bus
306 1261 424 1337 proeliis
439 1260 572 1335 superior
583 1258 761 1332 discederet,
774 1258 896 1316 militem
911 1258 1006 1316 minus
1021 1259 1079 1315 iam
1091 1258 1190 1333 coepit

237 1378 288 1426 aut
304 1368 417 1425 virtutis
436 1384 506 1424 suae
526 1375 575 1423 aut
597 1364 731 1423 fortunae
753 1364 911 1439 paenitEre
927 1374 957 1421 et
977 1364 1041 1440 ipse
1063 1365 1189 1423 Cuncti-

190 1504 217 1534 10
238 1474 308 1532 tbris
329 1478 440 1530 nbmen
461 1482 491 1530 et
511 1471 630 1530 laudem
651 1476 759 1528 summi
779 1468 863 1527 ducis
884 1470 1000 1527 meruit.

279 1580 335 1637 His
352 1577 461 1636 artibus
479 1596 547 1635 cum
570 1576 771 1635 Hannibalem
793 1576 900 1635 Fabius
921 1576 952 1632 in
973 1580 1043 1651 agri>
1065 1576 1088 1633 F
1090 1576 1190 1633 alernb

237 1686 370 1743 locbrum
385 1684 524 1759 angustiis
538 1683 699 1753 clausisset,
714 1683 761 1739 ille
783 1682 845 1740 sine
865 1682 924 1740 ullu
942 1682 1087 1740 exercitiis
1102 1682 1189 1740 detn-

237 1796 339 1849 mentd
361 1795 392 1848 se
414 1789 571 1865 expedivit.
614 1789 753 1862 Namque
774 1788 856 1846 irida
876 1798 1023 1846 sarmenta
1044 1788 1075 1845 iu
1099 1788 1190 1846 boum

238 1897 376 1955 cornibus
398 1896 525 1971 deligata
546 1894 692 1969 principib
713 1887 808 1952 noctis
832 1894 954 1952 incendi
977 1894 1126 1969 bovesque
1151 1894 1190 1952 ad

191 2028 215 2076 15
238 2008 363 2075 montes,
388 2008 463 2078 quis
486 2004 614 2061 Rdrnani
635 2002 813 2075 insederant,
835 2009 882 2077 agi
905 2002 996 2060 iussit.
1038 2002 1098 2075 Qui
1121 2020 1190 2059 cum

237 2116 369 2170 accensis
384 2111 521 2170 cornibus
536 2127 589 2184 per
603 2113 728 2181 montes,
744 2126 797 2184 per
818 2108 902 2167 silvis
921 2109 979 2167 hirc
997 2110 1064 2167 illuc
1079 2108 1189 2167 discur-

237 2228 345 2290 rerent,
367 2219 496 2276 Rr'rmini
517 2217 655 2275 miraculi]
677 2217 794 2274 attoniti
813 2215 1006 2274 cbnstiterunt
1017 2237 1025 2287 ;
1049 2217 1112 2292 ipse
1134 2217 1189 2273 Fa-

238 2325 312 2395 bius,
339 2322 459 2382 insidias
488 2341 552 2381 esse
580 2333 668 2396 ratus,
698 2323 820 2381 mssitem
848 2327 929 2380 extri
955 2323 1062 2380 villum
1090 2321 1191 2398 egredi

237 2429 339 2488 vetuit.
382 2431 499 2488 Interea
520 2429 671 2488 Hannibal
694 2447 730 2489 ex
751 2430 889 2505 angustiis
910 2430 1009 2488 'eva'sit

189 2566 218 2598 20
279 2534 357 2593 Dein
372 2535 531 2607 Hannibal,
548 2546 579 2593 ut
595 2536 618 2593 F
619 2535 688 2593 abii>
702 2535 782 2610 apud
797 2540 864 2594 subs
879 2536 1019 2594 cunflaret
1038 2535 1188 2608 invidiam,

238 2658 339 2716 agrum
354 2641 425 2713 eius,
440 2641 577 2699 omnibus
593 2642 672 2698 circa
685 2647 811 2711 vastatis,
828 2643 969 2700 intactum
985 2642 1107 2715 reliquit.
1150 2644 1190 2699 At

238 2747 346 2806 Fabius
366 2750 454 2804 missd
477 2749 605 2804 Rdmam
628 2747 739 2821 Quinti)
759 2746 822 2805 filiu
847 2747 1017 2805 inviolatum
1042 2748 1080 2806 ab
1105 2747 1189 2805 hoste

238 2871 339 2928 agrum
367 2851 501 2910 vendidit
529 2853 649 2926 Eiusque
678 2853 774 2927 pretii>
802 2858 933 2928 captivds
962 2854 1114 2911 Rdniiubs
1145 2870 1189 2911 re-

238 2957 340 3016 demit.

189 3093 215 3141 ²5
279 3062 371 3121 Haud
385 3069 466 3139 grata
480 3073 580 3122 tamen
595 3064 737 3121 Rdmanis
748 3074 810 3121 erat
825 3064 908 3122 Fabii
922 3065 1089 3137 cunctiti6;
1108 3083 1189 3122 eum—

237 3186 295 3243 que
318 3174 372 3244 pr6
395 3174 482 3227 cauti)
506 3169 652 3241 timidum,
668 3174 722 3243 pri)
744 3175 916 3227 cunctitdre
937 3174 1057 3245 signem
1080 3171 1188 3229 vocitit-

238 3275 317 3333 bant.
361 3276 496 3350 Augibat
524 3275 665 3333 invidiam
694 3274 851 3346 Minucius,
867 3262 1020 3350 'magister
1047 3277 1188 3350 equitum,

238 3380 412 3439 dictatbrem
438 3380 622 3438 criminandi)
633 3401 641 3452 3
664 3380 745 3438 illum
767 3381 799 3437 in
819 3381 959 3439 ducendi>
983 3382 1061 3440 bella
1086 3381 1189 3440 seduli)

237 3496 354 3562 tempus
376 3497 480 3558 terere,
500 3491 560 3561 qui)
582 3486 690 3544 diutius
712 3487 742 3543 in
764 3487 932 3562 magistritti
954 3497 1031 3545 esset
1052 3488 1189 3562 sdlusque
