2742 3975
449 298 554 361 Gaius
575 299 685 361 Iulius
712 298 835 363 Caesar
1072 304 1115 383 67

162 526 250 579 causa
276 521 378 579 vetuit.
421 520 519 594 Quem
546 530 579 578 ut
604 520 677 578 vidit
709 530 739 578 et
766 521 909 596 salutavit,
931 524 1055 583 moleste
1083 530 1115 583 se

162 626 234 685 dixit
256 628 340 699 ferre,
355 624 436 702 quod
460 644 528 683 eum
548 632 609 685 non
628 636 730 701 posset
747 626 857 686 andire.
899 631 938 687 At
952 630 1009 703 ille,
1042 632 1116 691 “Tri

161 734 260 803 ver6,”
282 732 386 807 inquit,
409 737 533 807 “poteS,
555 734 828 805 neccommittam,
850 744 882 792 ut
903 735 989 794 dolor
1009 756 1114 813 corpo-

161 839 199 896 ris
223 838 341 910 efficiat,
363 848 396 895 ut
418 838 521 897 frustra
547 847 644 897 tantus
670 840 713 897 vir
734 840 772 898 ad
798 844 847 899 me
870 842 1013 899 venerit.”
1056 845 1114 901 Ita-
1174 904 1178 910 ,

160 964 219 1021 que
237 946 347 1003 cubans
368 945 493 1020 graviter
514 954 544 1003 et
564 946 686 1020 copiose
706 945 745 1003 de
767 946 826 1004 hoc
848 946 913 1021 ipso
936 947 1114 1022 disputavit,
1151 975 1162 1021 5

161 1052 233 1109 nihil
258 1070 322 1109 esse
347 1052 458 1109 bouum
482 1052 539 1109 nisi
564 1052 646 1126 quod
672 1053 830 1111 honestum
853 1063 939 1125 esset,
960 1054 1032 1111 nihil
1054 1073 1114 1112 ma·

161 1159 221 1215 lum
256 1157 316 1215 dici
349 1176 445 1233 posse,
474 1156 556 1232 quod
591 1167 676 1233 turpe
711 1164 773 1216 non
807 1168 893 1217 esset.
936 1159 1013 1218 Cum
1043 1165 1115 1219 vero

162 1264 279 1323 dolor'e‘s
307 1265 414 1322 acriter
442 1283 510 1321 eum
537 1274 713 1339 pungerent,
742 1282 840 1339 saepe,
886 1265 997 1322 “Nihil
1023 1266 1113 1340 agis,'’

161 1370 264 1444 inquit,
285 1374 302 1401 “
313 1369 418 1428 dolor!
441 1376 573 1444 quamvis
593 1376 630 1428 sis
651 1370 802 1443 molestus,
817 1388 979 1445 numquam
999 1376 1030 1430 te
1050 1390 1115 1431 esse

162 1476 271 1534 malum
293 1476 486 1534 confitebor.”
1137 1505 1164 1537 ιο

342 1739 482 1793 XXIII.
515 1738 626 1793 Galus
645 1738 766 1793 Icilius
787 1738 932 1794 Caesar.

526 1920 528 1923 -
558 1901 655 1949 roo-44
672 1898 721 1936 nc

201 2036 236 2094 C.
259 2035 349 2094 Ir'rlius
371 2035 489 2108 Caesar,
505 2034 686 2093 nobilissima
708 2035 846 2093 Inliorum
865 2035 980 2110 genitus
997 2035 1115 2107 familia,

160 2160 270 2199 annum
289 2146 377 2217 agens
398 2151 514 2199 sextum
536 2151 566 2199 et
587 2140 872 2216 decimumpatrem
894 2141 999 2199 amisit.
1041 2142 1114 2201 Cor-

161 2248 280 2319 neliam,
294 2247 408 2306 Cinnae
431 2247 534 2318 filiam,
554 2245 638 2305 duxit
661 2252 783 2305 uxorem
794 2268 803 2320 3
832 2247 914 2304 cuius
939 2256 1022 2321 pater
1046 2266 1114 2305 cum
1168 2317 1171 2320 ⁴

161 2362 239 2412 esset
266 2353 360 2412 Sullae
389 2353 614 2424 inimicissimuS,
637 2353 661 2410 is
686 2353 845 2411 Caesarem
867 2352 959 2410 voluit
983 2353 1114 2427 compel-

159 2462 230 2531 lere,
258 2470 291 2516 ut
325 2477 392 2516 eam
426 2459 615 2534 repudiaret,
655 2476 753 2533 neque
787 2457 818 2515 id
857 2459 953 2533 potuit
987 2458 1114 2516 efficere.
1138 2488 1162 2533 15

160 2567 228 2640 Qua
255 2571 287 2623 re
315 2566 425 2623 Caesar
451 2566 536 2623 bonis
564 2564 705 2640 spoliatus
735 2583 803 2621 cum
832 2564 921 2621 etiam
945 2563 984 2621 ad
1008 2583 1114 2622 necem

159 2677 359 2746 quaereretur,
388 2675 499 2729 mutata
525 2673 607 2728 ieste
634 2680 724 2728 nocte
751 2670 823 2727 urbe
856 2670 971 2744 elapsus
1006 2679 1050 2727 est
1085 2681 1115 2727 et

158 2793 340 2853 quamquam
362 2788 433 2835 tunc
454 2783 611 2852 quartanae
635 2777 740 2835 morbo
764 2776 925 2846 laborabat,
944 2793 1038 2850 prope
1061 2794 1115 2851 per

158 2885 287 2959 singulas
309 2889 412 2942 noctes
432 2882 558 2942 latebras
579 2888 761 2940 commutare
783 2883 962 2956 cogebatur,
985 2890 1014 2938 et
1031 2900 1114 2939 com-

158 2990 322 3065 prehensus
345 2995 363 3047 a
384 2989 478 3048 Sullae
502 2988 615 3060 liberto,
637 2993 675 3045 ne
698 2988 737 3045 ad
760 2987 868 3046 Sullam
892 2985 1113 3062 perduceretur,
1136 3019 1163 3049 20

156 3225 179 3268 4
194 3209 287 3264 frustra,
299 3211 324 3254 in
334 3210 399 3255 vain.
663 3221 698 3266 13.
713 3209 805 3254 duxit:
815 3209 839 3252 in
847 3206 1028 3253 matrimonium
1039 3207 1114 3254 duxit.

156 3297 179 3343 5.
195 3285 295 3338 cubans,
306 3285 372 3342 lying
380 3285 453 3329 down
539 3344 544 3345 ⁷
664 3296 698 3339 17.
712 3283 807 3340 elapsus
818 3291 859 3338 est,
870 3285 971 3342 escaped.

61 3413 64 3418 Ι
156 3375 179 3417 7.
194 3367 270 3417 turpe,
282 3360 340 3412 base,
351 3373 439 3416 wrong.
665 3360 698 3403 18.
714 3352 846 3415 quartanae
880 3359 974 3413 morbo,
1011 3363 1113 3417 quartas

156 3438 178 3480 8.
194 3441 336 3492 pungerent,
349 3433 454 3490 pricked,
471 3437 547 3489 stung,
565 3437 612 3476 tor·
744 3445 821 3489 agrae:
836 3447 919 3490 prope,
930 3434 1019 3480 almost.

241 3509 338 3554 mented.
663 3521 698 3551 20.
715 3507 805 3560 liberto,
810 3507 944 3563 freedman.
