<?xml version="1.0" encoding="UTF-8"?>
<!DOCTYPE html PUBLIC "-//W3C//DTD XHTML 1.0 Transitional//EN"
    "http://www.w3.org/TR/xhtml1/DTD/xhtml1-transitional.dtd">
<html xmlns="http://www.w3.org/1999/xhtml" xml:lang="en" lang="en">
 <head>
  <title>
</title>
<meta http-equiv="Content-Type" content="text/html;charset=utf-8" />
  <meta name='ocr-system' content='tesseract 3.04.00' />
  <meta name='ocr-capabilities' content='ocr_page ocr_carea ocr_par ocr_line ocrx_word'/>
</head>
<body>
  <div class='ocr_page' id='page_1' title='image "./selectionsfromv02lhogoog_0034.png"; bbox 0 0 2742 3975; ppageno 0'>
   <div class='ocr_carea' id='block_1_1' title="bbox 232 279 968 343">
    <p class='ocr_par' dir='ltr' id='par_1_1' title="bbox 232 279 968 343">
     <span class='ocr_line' id='line_1_1' title="bbox 232 279 968 343; baseline -0.003 0"><span class='ocrx_word' id='word_1_1' title='bbox 232 285 252 343; x_wconf 87' lang='lat'><strong>6</strong></span> <span class='ocrx_word' id='word_1_2' title='bbox 455 279 550 343; x_wconf 84' lang='lat' dir='ltr'><em>Urbis</em></span> <span class='ocrx_word' id='word_1_3' title='bbox 573 281 699 343; x_wconf 85' lang='lat' dir='ltr'>Romae</span> <span class='ocrx_word' id='word_1_4' title='bbox 724 280 796 343; x_wconf 75' lang='lat' dir='ltr'>Vin·</span> <span class='ocrx_word' id='word_1_5' title='bbox 817 279 968 343; x_wconf 83' lang='lat' dir='ltr'>Illustrcs</span> 
     </span>
    </p>
   </div>
   <div class='ocr_carea' id='block_1_2' title="bbox 185 502 1184 1851">
    <p class='ocr_par' dir='ltr' id='par_1_2' title="bbox 231 502 1184 897">
     <span class='ocr_line' id='line_1_2' title="bbox 273 502 1183 579; baseline -0.002 -16"><span class='ocrx_word' id='word_1_6' title='bbox 273 504 367 579; x_wconf 72' lang='lat' dir='ltr'>Le&#39;gis</span> <span class='ocrx_word' id='word_1_7' title='bbox 380 520 500 579; x_wconf 91' lang='lat' dir='ltr'>quoque</span> <span class='ocrx_word' id='word_1_8' title='bbox 514 502 654 578; x_wconf 75' lang='lat' dir='ltr'>plirimis</span> <span class='ocrx_word' id='word_1_9' title='bbox 670 512 700 561; x_wconf 94' lang='lat' dir='ltr'>et</span> <span class='ocrx_word' id='word_1_10' title='bbox 714 502 799 561; x_wconf 71' lang='lat' dir='ltr'>utiles</span> <span class='ocrx_word' id='word_1_11' title='bbox 816 502 882 561; x_wconf 90' lang='lat' dir='ltr'>tulit</span> <span class='ocrx_word' id='word_1_12' title='bbox 901 503 1009 561; x_wconf 86' lang='lat' dir='ltr'><strong>Numa.</strong></span> <span class='ocrx_word' id='word_1_13' title='bbox 1050 502 1094 563; x_wconf 89' lang='lat' dir='ltr'>Ut</span> <span class='ocrx_word' id='word_1_14' title='bbox 1112 506 1183 562; x_wconf 79' lang='grc' dir='ltr'>νὲῐό</span> 
     </span>
     <span class='ocr_line' id='line_1_3' title="bbox 232 608 1183 681; baseline -0.001 -14"><span class='ocrx_word' id='word_1_15' title='bbox 232 610 373 668; x_wconf 72' lang='lat' dir='ltr'>miiurem</span> <span class='ocrx_word' id='word_1_16' title='bbox 394 609 532 667; x_wconf 75' lang='lat' dir='ltr'>institutis</span> <span class='ocrx_word' id='word_1_17' title='bbox 554 616 612 667; x_wconf 92' lang='lat' dir='ltr'>suis</span> <span class='ocrx_word' id='word_1_18' title='bbox 636 608 842 667; x_wconf 68' lang='lat' dir='ltr'>aucturititem</span> <span class='ocrx_word' id='word_1_19' title='bbox 865 608 1047 681; x_wconf 67' lang='lat' dir='ltr'>conciliiret,</span> <span class='ocrx_word' id='word_1_20' title='bbox 1067 608 1183 667; x_wconf 73' lang='lat' dir='ltr'>simuli-</span> 
     </span>
     <span class='ocr_line' id='line_1_4' title="bbox 231 700 1183 791; baseline 0 -17"><span class='ocrx_word' id='word_1_21' title='bbox 231 716 281 788; x_wconf 89' lang='lat' dir='ltr'>vit,</span> <span class='ocrx_word' id='word_1_22' title='bbox 296 715 352 775; x_wconf 90' lang='lat' dir='ltr'>sibi</span> <span class='ocrx_word' id='word_1_23' title='bbox 366 732 434 773; x_wconf 91' lang='lat' dir='ltr'>cum</span> <span class='ocrx_word' id='word_1_24' title='bbox 450 715 507 774; x_wconf 72' lang='lat' dir='ltr'>dei</span> <span class='ocrx_word' id='word_1_25' title='bbox 521 700 630 791; x_wconf 71' lang='lat' dir='ltr'>Egerii</span> <span class='ocrx_word' id='word_1_26' title='bbox 643 732 707 774; x_wconf 87' lang='lat' dir='ltr'>esse</span> <span class='ocrx_word' id='word_1_27' title='bbox 722 714 880 789; x_wconf 86' lang='lat' dir='ltr'>conloquia</span> <span class='ocrx_word' id='word_1_28' title='bbox 893 724 1046 787; x_wconf 81' lang='lat' dir='ltr'>noemma,</span> <span class='ocrx_word' id='word_1_29' title='bbox 1061 714 1183 791; x_wconf 69' lang='lat' dir='ltr'>Eiusque</span> 
     </span>
     <span class='ocr_line' id='line_1_5' title="bbox 232 820 1184 897; baseline 0 -18"><span class='ocrx_word' id='word_1_30' title='bbox 232 822 345 880; x_wconf 77' lang='lat' dir='ltr'>monitui</span> <span class='ocrx_word' id='word_1_31' title='bbox 360 826 391 880; x_wconf 75' lang='lat' dir='ltr'>se</span> <span class='ocrx_word' id='word_1_32' title='bbox 405 822 514 893; x_wconf 86' lang='lat' dir='ltr'>omnia,</span> <span class='ocrx_word' id='word_1_33' title='bbox 529 839 605 897; x_wconf 85' lang='lat' dir='ltr'>quae</span> <span class='ocrx_word' id='word_1_34' title='bbox 620 831 729 897; x_wconf 85' lang='lat' dir='ltr'>ageret,</span> <span class='ocrx_word' id='word_1_35' title='bbox 746 820 852 879; x_wconf 84' lang='lat' dir='ltr'>facere.</span> <span class='ocrx_word' id='word_1_36' title='bbox 895 821 992 879; x_wconf 80' lang='lat' dir='ltr'>Liicus</span> <span class='ocrx_word' id='word_1_37' title='bbox 1006 831 1078 893; x_wconf 89' lang='lat' dir='ltr'>erat,</span> <span class='ocrx_word' id='word_1_38' title='bbox 1094 840 1184 896; x_wconf 89' lang='lat' dir='ltr'>quem</span> 
     </span>
    </p>

    <p class='ocr_par' dir='ltr' id='par_1_3' title="bbox 198 926 1183 1425">
     <span class='ocr_line' id='line_1_6' title="bbox 198 926 1183 1003; baseline -0.002 -18"><span class='ocrx_word' id='word_1_39' title='bbox 198 950 208 996; x_wconf 83' lang='lat'>5</span> <span class='ocrx_word' id='word_1_40' title='bbox 231 927 364 985; x_wconf 83' lang='lat' dir='ltr'>medium</span> <span class='ocrx_word' id='word_1_41' title='bbox 378 926 445 985; x_wconf 75' lang='lat' dir='ltr'>funs</span> <span class='ocrx_word' id='word_1_42' title='bbox 458 934 582 1002; x_wconf 89' lang='lat' dir='ltr'>perenni</span> <span class='ocrx_word' id='word_1_43' title='bbox 595 927 709 1003; x_wconf 73' lang='lat' dir='ltr'>rigibat</span> <span class='ocrx_word' id='word_1_44' title='bbox 723 930 819 1001; x_wconf 65' lang='lat' dir='ltr'>aqu53</span> <span class='ocrx_word' id='word_1_45' title='bbox 841 931 878 984; x_wconf 71' lang='lat' dir='ltr'>eu</span> <span class='ocrx_word' id='word_1_46' title='bbox 898 943 987 1001; x_wconf 89' lang='lat' dir='ltr'>saepe</span> <span class='ocrx_word' id='word_1_47' title='bbox 1006 927 1105 984; x_wconf 84' lang='lat' dir='ltr'>Numa</span> <span class='ocrx_word' id='word_1_48' title='bbox 1120 927 1183 985; x_wconf 90' lang='lat' dir='ltr'>sine</span> 
     </span>
     <span class='ocr_line' id='line_1_7' title="bbox 231 1031 1182 1107; baseline -0.002 -16"><span class='ocrx_word' id='word_1_49' title='bbox 231 1033 344 1092; x_wconf 85' lang='lat' dir='ltr'>arbitris</span> <span class='ocrx_word' id='word_1_50' title='bbox 364 1036 396 1091; x_wconf 73' lang='lat' dir='ltr'>se</span> <span class='ocrx_word' id='word_1_51' title='bbox 413 1032 567 1104; x_wconf 62' lang='lat' dir='ltr'>interibat,</span> <span class='ocrx_word' id='word_1_52' title='bbox 581 1033 660 1091; x_wconf 89' lang='lat' dir='ltr'>velut</span> <span class='ocrx_word' id='word_1_53' title='bbox 677 1031 717 1089; x_wconf 89' lang='lat' dir='ltr'>ad</span> <span class='ocrx_word' id='word_1_54' title='bbox 734 1049 924 1107; x_wconf 86' lang='lat' dir='ltr'>congressum</span> <span class='ocrx_word' id='word_1_55' title='bbox 943 1031 1038 1105; x_wconf 81' lang='lat' dir='ltr'>deae3</span> <span class='ocrx_word' id='word_1_56' title='bbox 1060 1031 1101 1089; x_wconf 84' lang='lat' dir='ltr'>ita</span> <span class='ocrx_word' id='word_1_57' title='bbox 1120 1050 1182 1090; x_wconf 91' lang='lat' dir='ltr'>om-</span> 
     </span>
     <span class='ocr_line' id='line_1_8' title="bbox 231 1137 1183 1213; baseline -0.001 -17"><span class='ocrx_word' id='word_1_58' title='bbox 231 1140 313 1197; x_wconf 91' lang='lat' dir='ltr'>nium</span> <span class='ocrx_word' id='word_1_59' title='bbox 328 1139 441 1196; x_wconf 72' lang='lat' dir='ltr'>animus</span> <span class='ocrx_word' id='word_1_60' title='bbox 461 1144 497 1196; x_wconf 72' lang='lat' dir='ltr'>esi</span> <span class='ocrx_word' id='word_1_61' title='bbox 517 1139 626 1213; x_wconf 72' lang='lat' dir='ltr'>piettite</span> <span class='ocrx_word' id='word_1_62' title='bbox 648 1138 763 1208; x_wconf 87' lang='lat' dir='ltr'><strong>imbuit,</strong></span> <span class='ocrx_word' id='word_1_63' title='bbox 778 1147 810 1195; x_wconf 93' lang='lat' dir='ltr'>ut</span> <span class='ocrx_word' id='word_1_64' title='bbox 830 1137 905 1196; x_wconf 75' lang='lat' dir='ltr'>fides</span> <span class='ocrx_word' id='word_1_65' title='bbox 926 1155 962 1195; x_wconf 91' lang='lat' dir='ltr'>ac</span> <span class='ocrx_word' id='word_1_66' title='bbox 981 1137 1183 1196; x_wconf 78' lang='lat' dir='ltr'>iusiiirandum</span> 
     </span>
     <span class='ocr_line' id='line_1_9' title="bbox 231 1244 1182 1320; baseline -0.001 -18"><span class='ocrx_word' id='word_1_67' title='bbox 231 1251 292 1303; x_wconf 73' lang='lat' dir='ltr'>nun</span> <span class='ocrx_word' id='word_1_68' title='bbox 314 1246 409 1303; x_wconf 91' lang='lat' dir='ltr'>minus</span> <span class='ocrx_word' id='word_1_69' title='bbox 430 1262 519 1320; x_wconf 88' lang='lat' dir='ltr'>quam</span> <span class='ocrx_word' id='word_1_70' title='bbox 541 1244 638 1319; x_wconf 62' lang='lat' dir='ltr'>ligum</span> <span class='ocrx_word' id='word_1_71' title='bbox 659 1253 690 1302; x_wconf 90' lang='lat' dir='ltr'>et</span> <span class='ocrx_word' id='word_1_72' title='bbox 710 1248 873 1318; x_wconf 64' lang='lat' dir='ltr'>poenssa&#39;rum</span> <span class='ocrx_word' id='word_1_73' title='bbox 895 1254 991 1301; x_wconf 92' lang='lat' dir='ltr'>metus</span> <span class='ocrx_word' id='word_1_74' title='bbox 1011 1247 1090 1301; x_wconf 72' lang='lat' dir='ltr'>cives</span> <span class='ocrx_word' id='word_1_75' title='bbox 1111 1261 1182 1301; x_wconf 91' lang='lat' dir='ltr'>con-</span> 
     </span>
     <span class='ocr_line' id='line_1_10' title="bbox 232 1348 1183 1425; baseline -0.002 -16"><span class='ocrx_word' id='word_1_76' title='bbox 232 1352 347 1410; x_wconf 63' lang='lat' dir='ltr'>tiniret.</span> <span class='ocrx_word' id='word_1_77' title='bbox 390 1351 504 1408; x_wconf 89' lang='lat' dir='ltr'>Bellum</span> <span class='ocrx_word' id='word_1_78' title='bbox 524 1349 647 1425; x_wconf 92' lang='lat' dir='ltr'>quidem</span> <span class='ocrx_word' id='word_1_79' title='bbox 667 1349 779 1407; x_wconf 81' lang='lat' dir='ltr'>nullum</span> <span class='ocrx_word' id='word_1_80' title='bbox 800 1349 899 1425; x_wconf 87' lang='lat' dir='ltr'><strong>gessit,</strong></span> <span class='ocrx_word' id='word_1_81' title='bbox 921 1348 975 1407; x_wconf 89' lang='lat' dir='ltr'>sed</span> <span class='ocrx_word' id='word_1_82' title='bbox 1002 1353 1063 1406; x_wconf 71' lang='lat' dir='ltr'>nun</span> <span class='ocrx_word' id='word_1_83' title='bbox 1087 1349 1183 1407; x_wconf 91' lang='lat' dir='ltr'>minus</span> 
     </span>
    </p>

    <p class='ocr_par' dir='ltr' id='par_1_4' title="bbox 185 1455 1184 1851">
     <span class='ocr_line' id='line_1_11' title="bbox 185 1455 1184 1533; baseline 0.002 -22"><span class='ocrx_word' id='word_1_84' title='bbox 185 1480 212 1510; x_wconf 84' lang='grc' dir='ltr'>ιο</span> <span class='ocrx_word' id='word_1_85' title='bbox 232 1458 341 1515; x_wconf 75' lang='grc' dir='ltr'>οῑνὶῑῖιῐῑ</span> <span class='ocrx_word' id='word_1_86' title='bbox 368 1457 478 1533; x_wconf 71' lang='lat' dir='ltr'>prifuit</span> <span class='ocrx_word' id='word_1_87' title='bbox 505 1474 594 1531; x_wconf 85' lang='lat' dir='ltr'>quam</span> <span class='ocrx_word' id='word_1_88' title='bbox 622 1455 776 1515; x_wconf 70' lang='lat' dir='ltr'>Rumulus.</span> <span class='ocrx_word' id='word_1_89' title='bbox 827 1455 937 1513; x_wconf 67' lang='lat' dir='ltr'>Morbi&gt;</span> <span class='ocrx_word' id='word_1_90' title='bbox 964 1461 1126 1514; x_wconf 89' lang='lat' dir='ltr'>exstinctus</span> <span class='ocrx_word' id='word_1_91' title='bbox 1153 1456 1184 1513; x_wconf 91' lang='lat' dir='ltr'>iu</span> 
     </span>
     <span class='ocr_line' id='line_1_12' title="bbox 233 1559 1183 1639; baseline -0.003 -17"><span class='ocrx_word' id='word_1_92' title='bbox 233 1564 366 1623; x_wconf 73' lang='lat' dir='ltr'>liniculu</span> <span class='ocrx_word' id='word_1_93' title='bbox 388 1573 489 1622; x_wconf 89' lang='lat' dir='ltr'>monte</span> <span class='ocrx_word' id='word_1_94' title='bbox 513 1562 643 1639; x_wconf 91' lang='lat' dir='ltr'>sepultus</span> <span class='ocrx_word' id='word_1_95' title='bbox 669 1578 722 1619; x_wconf 89' lang='lat' dir='ltr'>est.</span> <span class='ocrx_word' id='word_1_96' title='bbox 765 1562 813 1618; x_wconf 84' lang='lat' dir='ltr'>Ita</span> <span class='ocrx_word' id='word_1_97' title='bbox 836 1559 897 1619; x_wconf 90' lang='lat' dir='ltr'>duo</span> <span class='ocrx_word' id='word_1_98' title='bbox 922 1559 1065 1635; x_wconf 88' lang='lat' dir='ltr'>deinceps</span> <span class='ocrx_word' id='word_1_99' title='bbox 1089 1565 1183 1637; x_wconf 75' lang='lat' dir='ltr'>reges,</span> 
     </span>
     <span class='ocr_line' id='line_1_13' title="bbox 232 1666 1182 1743; baseline -0.002 -16"><span class='ocrx_word' id='word_1_100' title='bbox 232 1670 279 1727; x_wconf 90' lang='lat' dir='ltr'>ille</span> <span class='ocrx_word' id='word_1_101' title='bbox 301 1670 389 1741; x_wconf 73' lang='lat' dir='ltr'>bellu,</span> <span class='ocrx_word' id='word_1_102' title='bbox 411 1669 459 1726; x_wconf 90' lang='lat' dir='ltr'>hic</span> <span class='ocrx_word' id='word_1_103' title='bbox 479 1674 564 1743; x_wconf 74' lang='lat' dir='ltr'>pice,</span> <span class='ocrx_word' id='word_1_104' title='bbox 583 1668 731 1725; x_wconf 71' lang='lat' dir='ltr'>civititem</span> <span class='ocrx_word' id='word_1_105' title='bbox 756 1671 908 1725; x_wconf 72' lang='lat' dir='ltr'>auxemnt.</span> <span class='ocrx_word' id='word_1_106' title='bbox 951 1666 1095 1725; x_wconf 69' lang='lat' dir='ltr'>Rimulus</span> <span class='ocrx_word' id='word_1_107' title='bbox 1117 1685 1182 1742; x_wconf 86' lang='lat' dir='ltr'>sep-</span> 
     </span>
     <span class='ocr_line' id='line_1_14' title="bbox 232 1772 1180 1851; baseline -0.004 -17"><span class='ocrx_word' id='word_1_108' title='bbox 232 1785 293 1834; x_wconf 91' lang='lat' dir='ltr'>tem</span> <span class='ocrx_word' id='word_1_109' title='bbox 308 1785 338 1834; x_wconf 86' lang='lat' dir='ltr'>et</span> <span class='ocrx_word' id='word_1_110' title='bbox 352 1776 469 1851; x_wconf 69' lang='lat' dir='ltr'>triginti</span> <span class='ocrx_word' id='word_1_111' title='bbox 482 1773 612 1850; x_wconf 68' lang='lat' dir='ltr'>regnivit</span> <span class='ocrx_word' id='word_1_112' title='bbox 625 1778 729 1846; x_wconf 66' lang='lat' dir='ltr'>annus,</span> <span class='ocrx_word' id='word_1_113' title='bbox 746 1774 846 1830; x_wconf 87' lang='lat' dir='ltr'>Numa</span> <span class='ocrx_word' id='word_1_114' title='bbox 863 1776 921 1831; x_wconf 68' lang='lat' dir='ltr'>tris</span> <span class='ocrx_word' id='word_1_115' title='bbox 936 1783 967 1831; x_wconf 90' lang='lat' dir='ltr'>et</span> <span class='ocrx_word' id='word_1_116' title='bbox 981 1772 1180 1848; x_wconf 69' lang='lat' dir='ltr'>quadriginti,</span> 
     </span>
    </p>
   </div>
   <div class='ocr_carea' id='block_1_3' title="bbox 248 2012 1165 2082">
    <p class='ocr_par' dir='ltr' id='par_1_5' title="bbox 248 2012 1165 2082">
     <span class='ocr_line' id='line_1_15' title="bbox 248 2012 1165 2082; baseline -0.001 -13"><span class='ocrx_word' id='word_1_117' title='bbox 248 2013 311 2070; x_wconf 81' lang='lat' dir='ltr'>[v.</span> <span class='ocrx_word' id='word_1_118' title='bbox 342 2013 464 2068; x_wconf 76' lang='lat' dir='ltr'>Tullus</span> <span class='ocrx_word' id='word_1_119' title='bbox 482 2012 670 2082; x_wconf 79' lang='lat' dir='ltr'>Hostilius,</span> <span class='ocrx_word' id='word_1_120' title='bbox 688 2013 937 2067; x_wconf 68' lang='lat' dir='ltr'>Rimanirum</span> <span class='ocrx_word' id='word_1_121' title='bbox 953 2015 1018 2066; x_wconf 63' lang='lat' dir='ltr'>rim</span> <span class='ocrx_word' id='word_1_122' title='bbox 1030 2013 1165 2068; x_wconf 63' lang='lat' dir='ltr'>teuteus.</span> 
     </span>
    </p>
   </div>
   <div class='ocr_carea' id='block_1_4' title="bbox 618 2160 791 2220">
    <p class='ocr_par' dir='ltr' id='par_1_6' title="bbox 618 2160 791 2220">
     <span class='ocr_line' id='line_1_16' title="bbox 618 2160 791 2220; baseline -0.012 -14"><span class='ocrx_word' id='word_1_123' title='bbox 618 2160 730 2220; x_wconf 81' lang='lat'><strong>673-641</strong></span> <span class='ocrx_word' id='word_1_124' title='bbox 743 2167 791 2204; x_wconf 74' lang='lat' dir='ltr'>nc.</span> 
     </span>
    </p>
   </div>
   <div class='ocr_carea' id='block_1_5' title="bbox 182 2295 1183 3545">
    <p class='ocr_par' dir='ltr' id='par_1_7' title="bbox 182 2295 1183 3545">
     <span class='ocr_line' id='line_1_17' title="bbox 273 2295 1182 2360; baseline -0.002 0"><span class='ocrx_word' id='word_1_125' title='bbox 273 2303 393 2360; x_wconf 71' lang='lat' dir='ltr'>Mortui)</span> <span class='ocrx_word' id='word_1_126' title='bbox 411 2301 510 2358; x_wconf 71' lang='lat' dir='ltr'>Numi</span> <span class='ocrx_word' id='word_1_127' title='bbox 529 2299 629 2357; x_wconf 90' lang='lat' dir='ltr'>Tullus</span> <span class='ocrx_word' id='word_1_128' title='bbox 652 2295 797 2358; x_wconf 82' lang='lat' dir='ltr'>Hostssius</span> <span class='ocrx_word' id='word_1_129' title='bbox 818 2303 870 2356; x_wconf 74' lang='lat' dir='ltr'>rex</span> <span class='ocrx_word' id='word_1_130' title='bbox 890 2305 1004 2357; x_wconf 75' lang='lat' dir='ltr'>creitus</span> <span class='ocrx_word' id='word_1_131' title='bbox 1025 2310 1079 2358; x_wconf 90' lang='lat' dir='ltr'>est.</span> <span class='ocrx_word' id='word_1_132' title='bbox 1121 2301 1182 2358; x_wconf 91' lang='lat' dir='ltr'>Hic</span> 
     </span>
     <span class='ocr_line' id='line_1_18' title="bbox 185 2403 1182 2480; baseline 0 -16"><span class='ocrx_word' id='word_1_133' title='bbox 185 2408 408 2480; x_wconf 78' lang='lat' dir='ltr'>15n6ns61um</span> <span class='ocrx_word' id='word_1_134' title='bbox 432 2406 568 2480; x_wconf 72' lang='lat' dir='ltr'>proximu</span> <span class='ocrx_word' id='word_1_135' title='bbox 593 2409 654 2479; x_wconf 66' lang='lat' dir='ltr'>rigi</span> <span class='ocrx_word' id='word_1_136' title='bbox 681 2403 838 2476; x_wconf 89' lang='lat' dir='ltr'>dissimilis,</span> <span class='ocrx_word' id='word_1_137' title='bbox 860 2403 914 2462; x_wconf 90' lang='lat' dir='ltr'>sed</span> <span class='ocrx_word' id='word_1_138' title='bbox 939 2405 1066 2463; x_wconf 71' lang='lat' dir='ltr'>serneior</span> <span class='ocrx_word' id='word_1_139' title='bbox 1093 2406 1182 2464; x_wconf 89' lang='lat' dir='ltr'>etiam</span> 
     </span>
     <span class='ocr_line' id='line_1_19' title="bbox 232 2510 1183 2585; baseline -0.002 -13"><span class='ocrx_word' id='word_1_140' title='bbox 232 2513 361 2572; x_wconf 75' lang='lat' dir='ltr'>Rumuli)</span> <span class='ocrx_word' id='word_1_141' title='bbox 390 2512 452 2569; x_wconf 87' lang='lat' dir='ltr'>fuit.</span> <span class='ocrx_word' id='word_1_142' title='bbox 508 2513 554 2570; x_wconf 83' lang='grc' dir='ltr'><em>Εὸ</em></span> <span class='ocrx_word' id='word_1_143' title='bbox 581 2515 722 2585; x_wconf 71' lang='lat' dir='ltr'>regnante</span> <span class='ocrx_word' id='word_1_144' title='bbox 751 2510 861 2568; x_wconf 89' lang='lat' dir='ltr'>bellum</span> <span class='ocrx_word' id='word_1_145' title='bbox 892 2510 968 2568; x_wconf 89' lang='lat' dir='ltr'>inter</span> <span class='ocrx_word' id='word_1_146' title='bbox 995 2511 1126 2571; x_wconf 65' lang='lat' dir='ltr'>Albinus</span> <span class='ocrx_word' id='word_1_147' title='bbox 1153 2522 1183 2570; x_wconf 90' lang='lat' dir='ltr'>et</span> 
     </span>
     <span class='ocr_line' id='line_1_20' title="bbox 232 2616 1182 2679; baseline -0.004 0"><span class='ocrx_word' id='word_1_148' title='bbox 232 2622 383 2679; x_wconf 67' lang='lat' dir='ltr'>Rumsnus</span> <span class='ocrx_word' id='word_1_149' title='bbox 412 2627 545 2676; x_wconf 87' lang='lat' dir='ltr'>exortum</span> <span class='ocrx_word' id='word_1_150' title='bbox 574 2626 627 2674; x_wconf 88' lang='lat' dir='ltr'>est.</span> <span class='ocrx_word' id='word_1_151' title='bbox 683 2616 819 2674; x_wconf 91' lang='lat' dir='ltr'>Ducibus</span> <span class='ocrx_word' id='word_1_152' title='bbox 846 2617 976 2674; x_wconf 74' lang='lat' dir='ltr'>Hostum</span> <span class='ocrx_word' id='word_1_153' title='bbox 1004 2627 1035 2675; x_wconf 94' lang='lat' dir='ltr'>et</span> <span class='ocrx_word' id='word_1_154' title='bbox 1066 2617 1182 2675; x_wconf 76' lang='lat' dir='ltr'>Fufetiu</span> 
     </span>
     <span class='ocr_line' id='line_1_21' title="bbox 231 2721 1182 2803; baseline -0.004 -18"><span class='ocrx_word' id='word_1_155' title='bbox 231 2728 349 2803; x_wconf 84' lang='lat' dir='ltr'>placuit,</span> <span class='ocrx_word' id='word_1_156' title='bbox 371 2731 533 2800; x_wconf 70' lang='lat' dir='ltr'>paucumm</span> <span class='ocrx_word' id='word_1_157' title='bbox 557 2722 718 2780; x_wconf 72' lang='lat' dir='ltr'>certimine</span> <span class='ocrx_word' id='word_1_158' title='bbox 743 2721 803 2780; x_wconf 69' lang='lat' dir='ltr'>suta</span> <span class='ocrx_word' id='word_1_159' title='bbox 829 2725 978 2797; x_wconf 88' lang='lat' dir='ltr'>utriusque</span> <span class='ocrx_word' id='word_1_160' title='bbox 1007 2723 1109 2798; x_wconf 84' lang='lat' dir='ltr'>popuii</span> <span class='ocrx_word' id='word_1_161' title='bbox 1131 2723 1182 2782; x_wconf 77' lang='lat' dir='ltr'>de-</span> 
     </span>
     <span class='ocr_line' id='line_1_22' title="bbox 231 2829 1182 2906; baseline -0.006 -14"><span class='ocrx_word' id='word_1_162' title='bbox 231 2841 320 2893; x_wconf 89' lang='lat' dir='ltr'>cerni.</span> <span class='ocrx_word' id='word_1_163' title='bbox 362 2834 456 2891; x_wconf 84' lang='lat' dir='ltr'>Erant</span> <span class='ocrx_word' id='word_1_164' title='bbox 479 2830 559 2906; x_wconf 86' lang='lat' dir='ltr'>apud</span> <span class='ocrx_word' id='word_1_165' title='bbox 584 2832 737 2889; x_wconf 70' lang='lat' dir='ltr'>Ruminus</span> <span class='ocrx_word' id='word_1_166' title='bbox 760 2829 906 2905; x_wconf 83' lang='lat' dir='ltr'>trigemini</span> <span class='ocrx_word' id='word_1_167' title='bbox 930 2829 1033 2886; x_wconf 69' lang='lat' dir='ltr'>iritres</span> <span class='ocrx_word' id='word_1_168' title='bbox 1056 2829 1182 2902; x_wconf 72' lang='lat' dir='ltr'>Horitii,</span> 
     </span>
     <span class='ocr_line' id='line_1_23' title="bbox 182 2938 1182 3016; baseline -0.008 -15"><span class='ocrx_word' id='word_1_169' title='bbox 182 2962 211 2993; x_wconf 82' lang='lat'>20</span> <span class='ocrx_word' id='word_1_170' title='bbox 230 2947 289 3001; x_wconf 62' lang='lat' dir='ltr'>tris</span> <span class='ocrx_word' id='word_1_171' title='bbox 303 2940 382 3016; x_wconf 86' lang='lat' dir='ltr'>apud</span> <span class='ocrx_word' id='word_1_172' title='bbox 398 2940 527 2998; x_wconf 70' lang='lat' dir='ltr'>Albinus</span> <span class='ocrx_word' id='word_1_173' title='bbox 543 2938 672 2996; x_wconf 74' lang='lat' dir='ltr'>Ciiriitii.</span> <span class='ocrx_word' id='word_1_174' title='bbox 714 2938 793 2997; x_wconf 86' lang='lat' dir='ltr'>Cum</span> <span class='ocrx_word' id='word_1_175' title='bbox 807 2943 848 2994; x_wconf 91' lang='lat' dir='ltr'>eis</span> <span class='ocrx_word' id='word_1_176' title='bbox 865 2946 956 3011; x_wconf 87' lang='lat' dir='ltr'>agunt</span> <span class='ocrx_word' id='word_1_177' title='bbox 969 2940 1061 3012; x_wconf 67' lang='lat' dir='ltr'>riges,</span> <span class='ocrx_word' id='word_1_178' title='bbox 1076 2945 1109 2993; x_wconf 93' lang='lat' dir='ltr'>ut</span> <span class='ocrx_word' id='word_1_179' title='bbox 1129 2941 1182 3011; x_wconf 70' lang='lat' dir='ltr'>prii</span> 
     </span>
     <span class='ocr_line' id='line_1_24' title="bbox 231 3041 1183 3123; baseline -0.008 -15"><span class='ocrx_word' id='word_1_180' title='bbox 231 3055 283 3108; x_wconf 73' lang='lat' dir='ltr'>sui</span> <span class='ocrx_word' id='word_1_181' title='bbox 297 3049 421 3123; x_wconf 90' lang='lat' dir='ltr'>quisque</span> <span class='ocrx_word' id='word_1_182' title='bbox 435 3046 530 3121; x_wconf 73' lang='lat' dir='ltr'>patrii</span> <span class='ocrx_word' id='word_1_183' title='bbox 543 3044 686 3104; x_wconf 83' lang='lat' dir='ltr'>dimicent</span> <span class='ocrx_word' id='word_1_184' title='bbox 702 3045 787 3102; x_wconf 65' lang='lat' dir='ltr'>ferri).</span> <span class='ocrx_word' id='word_1_185' title='bbox 831 3042 950 3101; x_wconf 84' lang='lat' dir='ltr'>Foedus</span> <span class='ocrx_word' id='word_1_186' title='bbox 971 3041 1062 3101; x_wconf 86' lang='lat' dir='ltr'>ictum</span> <span class='ocrx_word' id='word_1_187' title='bbox 1081 3052 1127 3101; x_wconf 89' lang='lat' dir='ltr'>est</span> <span class='ocrx_word' id='word_1_188' title='bbox 1147 3046 1183 3100; x_wconf 73' lang='lat' dir='ltr'>ei</span> 
     </span>
     <span class='ocr_line' id='line_1_25' title="bbox 230 3151 928 3230; baseline -0.006 -18"><span class='ocrx_word' id='word_1_189' title='bbox 230 3155 305 3230; x_wconf 78' lang='lat' dir='ltr'>lege,</span> <span class='ocrx_word' id='word_1_190' title='bbox 320 3162 361 3224; x_wconf 86' lang='lat' dir='ltr'>ut,</span> <span class='ocrx_word' id='word_1_191' title='bbox 376 3151 455 3210; x_wconf 90' lang='lat' dir='ltr'>unde</span> <span class='ocrx_word' id='word_1_192' title='bbox 470 3152 599 3224; x_wconf 70' lang='lat' dir='ltr'>victima,</span> <span class='ocrx_word' id='word_1_193' title='bbox 615 3151 656 3211; x_wconf 90' lang='lat' dir='ltr'>ibi</span> <span class='ocrx_word' id='word_1_194' title='bbox 670 3151 828 3226; x_wconf 90' lang='lat' dir='ltr'>imperium</span> <span class='ocrx_word' id='word_1_195' title='bbox 842 3160 928 3209; x_wconf 89' lang='lat' dir='ltr'>esset.</span> 
     </span>
     <span class='ocr_line' id='line_1_26' title="bbox 272 3253 1183 3334; baseline -0.005 -17"><span class='ocrx_word' id='word_1_196' title='bbox 272 3261 337 3318; x_wconf 71' lang='lat' dir='ltr'>Ictu</span> <span class='ocrx_word' id='word_1_197' title='bbox 363 3257 484 3317; x_wconf 81' lang='lat' dir='ltr'>foedere</span> <span class='ocrx_word' id='word_1_198' title='bbox 507 3258 654 3334; x_wconf 83' lang='lat' dir='ltr'>trigemini</span> <span class='ocrx_word' id='word_1_199' title='bbox 677 3276 759 3315; x_wconf 84' lang='lat' dir='ltr'>arma</span> <span class='ocrx_word' id='word_1_200' title='bbox 786 3257 908 3332; x_wconf 84' lang='lat' dir='ltr'>capiunt</span> <span class='ocrx_word' id='word_1_201' title='bbox 935 3267 965 3315; x_wconf 94' lang='lat' dir='ltr'>et</span> <span class='ocrx_word' id='word_1_202' title='bbox 992 3257 1022 3314; x_wconf 91' lang='lat' dir='ltr'>in</span> <span class='ocrx_word' id='word_1_203' title='bbox 1050 3253 1183 3315; x_wconf 90' lang='lat' dir='ltr'>medium</span> 
     </span>
     <span class='ocr_line' id='line_1_27' title="bbox 230 3361 1183 3439; baseline -0.003 -16"><span class='ocrx_word' id='word_1_204' title='bbox 230 3367 307 3423; x_wconf 90' lang='lat' dir='ltr'>inter</span> <span class='ocrx_word' id='word_1_205' title='bbox 320 3364 394 3422; x_wconf 72' lang='lat' dir='ltr'>duis</span> <span class='ocrx_word' id='word_1_206' title='bbox 411 3365 490 3423; x_wconf 71' lang='lat' dir='ltr'>auiis</span> <span class='ocrx_word' id='word_1_207' title='bbox 511 3363 685 3439; x_wconf 68' lang='lat' dir='ltr'>prunedum.</span> <span class='ocrx_word' id='word_1_208' title='bbox 729 3363 934 3423; x_wconf 68' lang='lat' dir='ltr'>Cimsiderant</span> <span class='ocrx_word' id='word_1_209' title='bbox 954 3363 1101 3438; x_wconf 87' lang='lat' dir='ltr'>utrimque</span> <span class='ocrx_word' id='word_1_210' title='bbox 1122 3361 1183 3420; x_wconf 92' lang='lat' dir='ltr'>duo</span> 
     </span>
     <span class='ocr_line' id='line_1_28' title="bbox 182 3467 1182 3545; baseline -0.003 -16"><span class='ocrx_word' id='word_1_211' title='bbox 182 3489 208 3536; x_wconf 82' lang='lat'>25</span> <span class='ocrx_word' id='word_1_212' title='bbox 230 3470 385 3529; x_wconf 78' lang='lat' dir='ltr'>exercitiis.</span> <span class='ocrx_word' id='word_1_213' title='bbox 428 3471 523 3529; x_wconf 81' lang='lat' dir='ltr'>Datur</span> <span class='ocrx_word' id='word_1_214' title='bbox 536 3476 659 3545; x_wconf 85' lang='lat' dir='ltr'>signum,</span> <span class='ocrx_word' id='word_1_215' title='bbox 673 3467 844 3543; x_wconf 79' lang='lat' dir='ltr'>infestisque</span> <span class='ocrx_word' id='word_1_216' title='bbox 859 3474 946 3526; x_wconf 86' lang='lat' dir='ltr'>annis</span> <span class='ocrx_word' id='word_1_217' title='bbox 961 3473 1035 3526; x_wconf 88' lang='lat' dir='ltr'>terni</span> <span class='ocrx_word' id='word_1_218' title='bbox 1053 3468 1182 3540; x_wconf 70' lang='lat' dir='ltr'>iuvenes,</span> 
     </span>
    </p>
   </div>
   <div class='ocr_carea' id='block_1_6' title="bbox 0 0 1376 3975">
    <p class='ocr_par' dir='ltr' id='par_1_8' title="bbox 0 0 1376 3975">
     <span class='ocr_line' id='line_1_29' title="bbox 0 0 1376 3975; baseline 0 0"><span class='ocrx_word' id='word_1_219' title='bbox 0 0 1376 3975; x_wconf 95' lang='lat' dir='ltr'> </span> 
     </span>
    </p>
   </div>
  </div>
 </body>
</html>
