2742 3975
399 300 543 363 Publius
569 299 738 364 Cornelius
763 301 872 383 Scipio
1081 318 1121 383 39

167 533 197 581 et
207 540 294 598 grave
306 523 414 581 bellum
431 523 549 581 horrore
563 523 734 598 apporobat.
776 525 860 581 Tunc
876 524 974 599 Scipio
989 524 1122 583 militiam

167 635 208 687 eis
229 632 260 687 εδ
283 631 469 686 remissomm
491 630 540 700 ait,
553 636 576 687 si
595 648 676 686 arma
696 640 725 687 et
744 635 835 704 equos
855 631 994 690 militibus
1012 634 1120 691 Romo-

166 741 211 792 nis
233 735 391 792 voluissent
417 734 541 793 trodere
595 736 678 793 Laeti
706 735 916 794 condicionem
942 741 1122 812 accoporunt

167 842 286 900 iuvenos
314 841 412 899 Siculi.
458 842 504 899 lta
532 842 629 915 Scipio
655 842 717 899 sine
747 841 865 916 poblico
891 843 1026 917 imponso
1053 848 1121 902 suos

166 946 301 1004 instroxit
322 947 495 1021 ornavitque
517 948 640 1021 equitos.
1157 970 1168 1016 5

206 1053 291 1110 Tunc
313 1052 411 1127 Scipio
432 1070 468 1110 ex
490 1052 588 1111 Sicilia
609 1053 639 1109 in
658 1043 789 1110 osticam
802 1058 891 1111 vento
906 1055 1038 1113 secundo
1053 1073 1120 1130 pro·

167 1158 260 1215 fectus
282 1169 327 1216 est
348 1162 430 1216 tanto
451 1158 576 1215 militum
598 1158 713 1228 imore,
729 1169 760 1216 ut
782 1164 842 1216 non
863 1160 900 1217 ad
924 1160 1033 1217 bellum
1052 1160 1121 1218 doci

167 1263 345 1335 vidorentur,
371 1263 424 1322 sed
452 1265 491 1322 ad
519 1275 601 1321 certa
627 1265 767 1321 victoriae
797 1266 936 1338 praemia.
978 1266 1122 1324 Celeriter

167 1374 255 1427 novos
283 1374 300 1427 δ
327 1375 490 1444 conspecto
519 1370 633 1428 Siciliae
662 1354 776 1428 ablotae
805 1380 873 1427 sunt
900 1376 1121 1446 conspectaque

167 1476 248 1534 brevi
272 1461 388 1533 ilsrieae
414 1476 506 1534 litora.
549 1477 647 1550 Scipio
675 1495 745 1533 cum
770 1476 924 1551 Egredions
949 1477 988 1534 ad
1012 1487 1120 1534 terram
1144 1501 1169 1531 ιο

167 1586 232 1639 novi
247 1582 399 1656 prolopsus
417 1593 494 1639 esset
514 1591 543 1639 et
561 1582 600 1640 ob
618 1582 675 1639 hoc
694 1582 836 1639 attonitos
854 1581 959 1640 milites
976 1593 1119 1654 cerneret,

167 1687 208 1759 id,
223 1686 304 1762 quod
320 1686 546 1761 trepidationem
563 1686 726 1759 adferebat,
741 1688 771 1744 in
786 1688 983 1746 hortitionem
998 1706 1118 1747 conver-

167 1797 241 1865 tons,
274 1797 291 1825 “
301 1780 430 1850 iliricum
448 1795 609 1869 oppressi,'’
626 1794 880 1868 inquit‚-“militos
895 1796 928 1852 !”
971 1795 1120 1869 Expositis

167 1899 260 1974 copiis
279 1899 310 1956 in
331 1900 470 1974 proximis
492 1900 609 1957 tumulis
630 1911 726 1957 castra
747 1905 872 1958 motitus
894 1911 947 1959 est.
990 1900 1036 1959 Ibi
1054 1919 1119 1975 spe·

167 2007 311 2064 culotoros
330 2006 459 2064 hostium
478 2007 508 2063 in
527 2012 628 2064 castris
653 2006 858 2081 doprehonsos
880 2017 909 2066 et
934 2006 972 2064 ad
998 2012 1029 2065 εδ
1054 2025 1118 2082 per·
1143 2028 1167 2074 15

167 2111 273 2170 ductos
294 2130 351 2170 nec
372 2113 516 2187 supplicio
539 2112 652 2170 adlocit
671 2131 728 2169 nec
751 2112 790 2170 do
809 2113 937 2170 consiliis
955 2132 991 2170 ac
1013 2113 1120 2172 viribus

168 2220 333 2277 Poenorum
348 2223 537 2292 percontotus
559 2229 612 2290 est,
628 2218 681 2276 sed
700 2219 778 2275 circo
799 2223 902 2276 omnos
924 2220 1051 2277 Roma‘mi
1069 2237 1118 2276 ex-

166 2325 274 2382 ercitos
299 2325 463 2398 manipulos
488 2324 599 2381 corovit
623 2323 817 2382 dodocendos
827 2345 836 2396 3
865 2324 935 2382 dein
959 2325 1119 2400 interrogo·

166 2436 221 2501 tos,
247 2448 316 2487 num
346 2449 381 2487 ea
409 2430 477 2488 satis
502 2428 746 2501 considerossent,
768 2448 844 2504 quae
869 2430 1014 2505 speculon‘
1037 2442 1120 2488 erant

166 2537 244 2608 iussi,
265 2535 390 2611 prandio
411 2536 482 2594 dato
503 2536 666 2594 incolumes
688 2535 807 2594 dimisit,
1140 2557 1169 2589 20

208 2643 336 2717 Scipioni
354 2642 384 2698 in
398 2626 527 2699 ilsrieam
546 2641 716 2699 advenienti
737 2641 894 2700 Masinissa
914 2646 946 2700 εδ
967 2643 1120 2701 conionxit

166 2767 234 2806 cum
249 2754 337 2823 parvo
352 2748 483 2823 equitum
504 2753 608 2805 turmo.
649 2747 769 2822 Syphax
788 2752 859 2806 voro
879 2753 898 2805 o
918 2749 1059 2806 Romonis
1080 2747 1119 2806 ad

167 2858 283 2912 Poenos
305 2853 465 2912 dolocerat.
509 2853 689 2924 Hasdrubal,
705 2855 871 2912 Poenorum
893 2853 964 2926 dux,
988 2854 1118 2929 Syphox-
1152 2848 1154 2851 ’

166 2979 225 3035 que
249 2961 377 3035 Scipioni
402 2965 433 3018 εδ
457 2964 658 3035 opposuorunt
668 2980 677 3031 3
700 2966 751 3033 qui
771 2967 921 3034 utriusque
944 2970 1040 3018 castra
1061 2965 1120 3019 ono

166 3077 255 3124 nocte
277 3066 409 3141 pernipit
430 3075 461 3125 et
481 3065 623 3124 incendit.
665 3065 784 3140 Syphax
797 3066 862 3140 ipse
876 3075 981 3141 captus
995 3076 1025 3124 et
1039 3073 1119 3124 vivus
1140 3086 1166 3132 25

166 3171 205 3230 ad
220 3173 389 3246 Scipionem
404 3178 567 3246 pertroctus
582 3181 635 3230 est.
678 3172 843 3246 Syphocem
857 3172 888 3228 in
902 3182 996 3230 castra
1010 3171 1120 3230 addoci

166 3295 235 3335 cum
260 3289 337 3336 esset
362 3279 536 3348 mintiotum,
559 3278 655 3336 omnis
678 3278 819 3336 velutad
842 3278 1044 3352 spectoculum
1069 3279 1118 3336 tri-

166 3383 270 3458 umphi
291 3383 449 3442 multitodo
472 3384 563 3442 etiosa
585 3394 629 3442 est
640 3405 648 3456 3
674 3383 873 3458 praecodobat
898 3385 961 3458 ipse
984 3384 1099 3441 vinctus
1110 3404 1118 3455 ;

166 3489 344 3564 sequebatur
363 3508 435 3565 grex
457 3491 599 3549 nobilium
626 3493 805 3548 Maurorum.
849 3489 992 3547 Movobat
1016 3493 1119 3547 omnos
