2742 3975
244 276 286 353 56
465 273 562 336 Urbis
583 274 711 336 Romae
735 273 807 337 Viri
827 273 978 335 Illustres

241 495 330 553 etiam
345 494 471 569 dignitas
485 494 626 566 cunstitit,
638 488 690 569 qui
703 498 782 552 cives
796 493 1022 552 innumerabiles
1033 493 1194 554 occiderat.
1221 472 1229 489 ⁵

240 586 325 660 Unus
345 600 517 659 adulescens
539 600 601 671 suit,
623 606 674 675 qui
697 598 821 657 auderet
843 606 926 674 quen·
949 609 979 657 et
1003 600 1194 659 recedentem

240 724 333 781 usque
355 707 393 765 ad
415 702 493 764 fores
514 706 619 765 domus
642 705 806 763 maledictis
827 706 980 763 incessere.
1022 707 1120 781 Atque
1134 707 1193 780 ille,

239 813 321 871 cuius
347 819 420 870 iram
448 812 644 887 potentissimi
667 812 721 870 viri
745 812 949 886 maximaeque
977 812 1109 871 civitates
1136 830 1193 871 nec

206 936 216 983 5
240 919 365 994 effugere
387 936 443 976 nec
464 919 580 993 placare
602 928 768 993 potuerant,
783 923 868 976 unius
888 916 1103 976 adulescentuli
1122 936 1192 976 con·

239 1025 373 1083 tumelias
398 1022 522 1099 patienti
546 1025 645 1082 anirnn
670 1024 745 1095 tulit,
767 1023 798 1081 id
821 1033 935 1082 tantum
958 1023 989 1082 in
1011 1024 1110 1082 limine
1132 1024 1192 1082 iam

240 1130 359 1188 dicens:
383 1132 472 1187 “Hic
496 1129 673 1187 adulescens
699 1129 815 1201 efficiet,
838 1134 877 1188 ne
899 1130 964 1204 quis
986 1130 1111 1205 posthac
1134 1131 1192 1188 tale

239 1236 395 1311 imperium
410 1236 570 1311 depnnatfl’

279 1342 357 1401 Sulla
378 1341 488 1399 deinde
509 1342 540 1399 in
560 1342 658 1399 villam
679 1341 830 1417 profectus
851 1342 983 1399 rusticari
1003 1351 1033 1400 et
1054 1341 1192 1401 venandi)

192 1474 218 1505 ιο
239 1455 328 1506 vitam
342 1466 429 1523 agere
444 1448 553 1523 coepit.
597 1448 643 1506 Ibi
659 1448 763 1505 morbr‘t
781 1458 933 1522 correptus
954 1448 1072 1520 interiit,
1086 1448 1130 1506 vir
1150 1449 1192 1506 in·

238 1554 334 1629 gentis
355 1554 453 1625 animi,
468 1553 594 1628 cupidus
614 1554 808 1628 voluptatum,
829 1553 884 1612 sed
904 1554 1013 1629 gluriae
1035 1553 1170 1629 cupidior
1181 1575 1190 1627 3

238 1660 339 1717 litteris
361 1661 481 1719 Graecis
502 1670 590 1734 atque
612 1660 722 1717 Latinis
743 1658 873 1717 ErudItus
891 1669 921 1718 et
939 1660 1068 1718 virutum
1082 1660 1190 1718 littera-

238 1771 335 1823 tntum
356 1764 433 1823 aden
455 1770 564 1837 amam,
580 1774 612 1822 ut
633 1765 821 1823 sedulitatem
842 1766 932 1823 etiam
949 1766 1018 1824 mali
1036 1766 1190 1826 cuiusdam

238 1876 346 1945 poetae
370 1871 468 1945 aliqun
493 1871 625 1945 praemis>
650 1870 771 1947 dignam
795 1871 910 1930 duxerit
920 1892 929 1945 3
957 1890 1027 1930 nam
1048 1889 1117 1930 cum
1142 1872 1190 1930 ille

191 1997 215 2045 ις
238 1977 421 2053 epigramma
441 1976 471 2034 in
493 1995 561 2035 eum
583 1977 704 2036 fecisset
725 1984 811 2053 eique
832 1978 1012 2052 subiecisset,
1034 1979 1112 2038 Sulla
1132 1989 1190 2037 sta·

238 2084 291 2142 tim
306 2084 470 2159 praemium
486 2089 514 2141 ei
528 2084 591 2142 dari
605 2084 697 2156 iussit,
712 2084 766 2142 sed
788 2090 823 2142 ea
843 2085 918 2160 lege,
932 2090 970 2142 ne
992 2085 1063 2159 quid
1085 2091 1190 2160 postea

237 2190 386 2248 scriberet.
428 2191 505 2247 Ante
519 2189 671 2247 victuriam
691 2189 856 2248 laudandus
867 2210 876 2262 3
897 2190 928 2247 in
949 2196 990 2248 eis
1010 2195 1090 2262 vern,
1112 2209 1189 2266 quae

238 2301 339 2354 secuta
349 2305 425 2367 sunt,
436 2313 599 2370 numquam
614 2296 682 2353 satis
697 2295 925 2371 vituperandus;
946 2297 1051 2355 urbem
1065 2297 1145 2354 enim
1159 2306 1189 2354 et

238 2401 354 2458 Italiam
365 2401 456 2459 civilis
467 2401 615 2476 sanguinis
625 2401 793 2460 fluminibus
804 2401 966 2460 inundavit.
1009 2402 1080 2460 N6n
1093 2403 1187 2460 sulum

188 2527 216 2559 ιο
237 2507 267 2563 in
287 2512 368 2564 vivus
392 2506 503 2578 saeviit,
518 2507 572 2565 sed
596 2511 635 2564 ne
658 2513 780 2564 mortuis
801 2506 922 2582 quidem
944 2508 1078 2582 pepercit
1089 2528 1097 2580 ;
1118 2526 1188 2566 nam

237 2613 293 2671 Gai
322 2612 416 2683 Marii,
445 2613 536 2684 cuius,
566 2619 620 2670 etsi
647 2617 752 2686 postea
779 2612 880 2684 hostis,
901 2613 1060 2687 aliquandi>
1089 2623 1188 2672 tamen

236 2727 375 2792 quaestor
397 2718 499 2789 fuerat,
514 2720 613 2776 etutns
634 2718 750 2776 cineres
770 2717 800 2775 in
819 2718 929 2776 flumen
944 2719 1078 2792 prniecit.
1121 2719 1189 2793 Qua

237 2823 408 2882 crudentate
423 2829 520 2882 rerum
535 2823 684 2899 praeclare
698 2829 846 2899 gestarum
861 2824 983 2900 glutiam
997 2824 1137 2900 corrupit.
