2742 3975
241 317 285 383 90
457 300 554 363 Urbis
576 300 703 363 Romae
735 300 807 363 Viri
834 300 987 363 Illustres

283 520 411 581 Pedibus
428 539 518 597 saepe
537 540 590 597 per
608 522 712 582 urbem
732 521 892 582 incedebat
911 528 1083 598 summeque
1106 524 1195 583 cemi-

241 633 300 685 tete
316 626 459 686 adeuntes
479 628 657 703 excipiebat.
700 629 847 688 Convenit
861 627 1020 703 aliquande
1036 646 1104 687 eum
1117 638 1195 688 vete·
1232 636 1234 643 ’

242 739 327 791 renus
342 733 439 806 miles„
449 740 500 809 qui
513 740 634 793 vocetus
653 732 687 792 in
707 735 750 793 iiis
771 734 996 810 periclitebetur,
1013 735 1193 811 rogevitque,

240 849 273 897 ut
293 840 349 899 sibi
370 839 487 898 adesset
498 861 507 913 3
534 841 633 899 statim
654 843 802 916 Augustus
825 846 916 899 imum
938 845 956 899 e
977 840 1120 899 comiteui
1140 846 1194 899 sue

206 957 216 1004 5
241 943 329 1021 elegit
349 945 535 1018 advocetum,
559 953 610 1021 qui
630 947 808 1023 litigeterem
830 946 1064 1006 commenderet.
1115 948 1193 1005 Tum

240 1057 395 1111 vetereuus
432 1054 615 1127 exclemevit,
654 1055 722 1111 “At
755 1058 816 1111 nen
849 1071 914 1129 ego,
949 1058 978 1111 te
1009 1052 1193 1128 periclitante

241 1157 319 1217 belle
340 1158 473 1231 Actiace‚
494 1160 636 1217 vicerium
658 1166 796 1234 quaesivi,
817 1158 870 1218 sed
895 1160 958 1234 ipse
982 1164 1037 1234 pre
1065 1163 1095 1217 te
1119 1163 1191 1234 pirg-

240 1266 345 1336 nevi,”-
365 1266 509 1341 simulque
535 1265 648 1325 detexit
677 1266 838 1324 cicetrices
894 1252 1019 1325 Erubuit
1045 1268 1193 1341 Augustus

240 1379 329 1445 atque
350 1371 414 1446 ipse
434 1371 514 1429 venit
535 1372 565 1429 in
587 1371 824 1429 advocetienem.

193 1494 220 1525 ιο
281 1476 358 1535 Cum
390 1488 459 1551 post
488 1477 641 1535 Actiacam
669 1478 823 1535 victeriam
854 1477 1032 1537 Octa'tvienus
1063 1479 1192 1536 Remam

240 1587 442 1654 reverteretur,
462 1583 590 1641 occurrit
612 1589 640 1641 ei
657 1584 734 1641 inter
753 1583 931 1659 gretulantes
950 1584 1051 1659 opifex
1071 1585 1191 1659 quidam

240 1706 361 1766 cervum
389 1694 502 1762 tenens,
530 1707 620 1763 quem
645 1690 811 1748 instituerat
838 1690 913 1748 haec
941 1690 1058 1748 dicere:
1092 1694 1110 1721 “
1120 1692 1191 1762 Ave,

240 1769 358 1866 Caesar,
376 1797 479 1867 victor,
498 1795 658 1869 imperetur
672 1798 677 1853 l
689 1796 705 1821 ”
757 1796 880 1853 Miretus
900 1795 1010 1854 Caesar
1029 1794 1192 1854 officiesam

239 1918 323 1959 avem
344 1900 445 1976 viginti
466 1901 581 1960 milibus
603 1906 793 1959 nummerum
815 1902 894 1959 emit.
938 1902 1041 1961 Socius
1067 1901 1190 1976 opificis,

192 2029 216 2076 ¹5
239 2007 278 2064 ad
299 2024 388 2081 quem
407 2007 479 2064 nihil
501 2026 537 2065 ex
558 2007 606 2065 ille
627 2007 799 2066 linerelitete
821 2013 1003 2082 pervenerat,
1022 2006 1191 2066 adfirmevit

239 2113 358 2172 Caesari
376 2113 485 2172 habere
504 2113 585 2171 illum
605 2122 635 2171 et
655 2113 745 2171 alium
765 2131 894 2186 corvum,
915 2132 1004 2189 quem
1023 2122 1056 2171 ut
1076 2113 1191 2172 adferre

238 2224 394 2294 cegeretur
418 2219 539 2294 rogevit.
581 2218 704 2278 Adletus
728 2220 828 2291 verba,
853 2237 930 2294 quae
957 2219 1111 2292 didicerat,
1141 2237 1189 2277 ex·

238 2325 361 2399 pressit:
405 2328 425 2355 “
433 2327 504 2396 Ave,
539 2326 658 2397 Anteni,
694 2328 797 2398 victor,
836 2326 1014 2400 imperetur!
1028 2327 1044 2353 ”
1111 2325 1192 2383 Nihil

238 2436 425 2506 exasperetus
453 2431 563 2490 Caesar
593 2430 662 2489 satis
697 2430 789 2503 dexit,
818 2431 919 2490 iubere
950 2431 1032 2489 illum
1060 2430 1190 2490 dividere

189 2560 218 2592 20
238 2535 409 2595 denetivum
429 2555 498 2594 cum
518 2536 729 2596 contuberneli.
772 2537 916 2596 salutatus
934 2537 1066 2596 similiter
1084 2542 1102 2594 e
1120 2537 1190 2612 psit-

238 2647 305 2701 tace
327 2649 386 2700 emi
406 2661 473 2700 eum
495 2642 586 2700 iussit.

278 2748 456 2823 Exemplum
478 2753 609 2807 sisterem
631 2765 794 2823 pauperem
817 2749 990 2820 sollicitevit,
1012 2758 1044 2806 ut
1069 2767 1191 2808 corvum

235 2854 400 2913 institueret
425 2854 464 2913 ad
488 2871 590 2928 parem
615 2854 830 2913 saletetienem.
880 2855 940 2929 Qui
963 2853 1116 2929 impendier
1142 2873 1190 2912 ex-

237 2961 356 3018 haustus
378 2976 466 3034 saepe
488 2959 528 3018 ad
552 2976 637 3017 avem
661 2963 724 3018 nen
748 2960 979 3035 respondentem
999 2959 1098 3018 dicere
1119 2960 1192 3018 sole·

187 3090 213 3137 ²5
237 3068 305 3126 bat:
339 3065 466 3141 “Opera
495 3075 525 3122 et
552 3065 688 3140 impensa
716 3065 850 3140 periitl’²
894 3066 1062 3140 Aliquande
1090 3075 1192 3124 tamen

249 3287 271 3329 4
287 3270 409 3325 comitere,
419 3271 485 3316 suite.
739 3284 774 3316 ao.
789 3271 897 3328 psittaci),
910 3275 1001 3329 parret.

249 3361 272 3403 7.
287 3346 409 3400 vicinium,
419 3346 545 3391 substitute.
740 3359 774 3391 22.
790 3347 902 3398 silerem,
923 3347 1019 3392 codbler.

237 3435 271 3479 14.
287 3421 368 3478 viginti
399 3420 495 3464 mssibus
526 3421 688 3473 nummerum
739 3433 774 3477 23.
790 3420 922 3477 impendier,
934 3421 1018 3478 outlay,
1029 3426 1132 3478 expense.

322 3500 406 3552 twenty
437 3496 553 3539 thousand
583 3499 689 3539 sesterces
741 3506 775 3552 25.
792 3495 906 3552 impensa,
918 3494 946 3540 ci.
957 3495 1088 3552 impendii).

322 3571 408 3629 (about
423 3569 507 3626 3820).
951 3559 953 3563 ⁷
