2742 3975
456 254 591 317 Marcus
620 254 750 316 Tullius
775 252 881 317 Cicero
1100 261 1140 336 83

188 475 310 534 tandem
337 494 406 534 eum
435 486 465 534 et
492 475 577 551 fugae
602 485 633 534 et
656 482 733 534 vitae
762 476 843 551 cepit
869 495 1074 553 regressusque
1103 478 1141 537 ad

187 582 294 658 villam,
333 585 352 613 ‘⁴
364 582 503 653 Moriar‚”
532 582 636 656 inquit,
665 582 723 639 “in
751 582 846 657 patria
879 601 968 658 saepe
1000 586 1141 643 servate?

188 688 263 747 Satis
288 692 413 760 censtat
434 686 662 746 adventantibus
691 688 910 763 percusseribus
935 694 1033 748 serves
1061 691 1139 749 forti-

187 800 233 852 ter
259 793 446 868 fideliterque
474 798 592 869 paretes
621 793 710 851 fuisse
739 792 777 851 ad
805 793 1019 868 dimicandum,
1044 796 1141 872 ipsum

187 899 299 974 depeni
322 899 458 957 lecticam
484 909 514 957 et
539 899 654 974 quietes
679 906 750 974 pati,
774 900 856 975 quod
879 919 942 959 sors
966 902 1066 977 iniqua
1090 908 1140 961 ce·
1177 923 1187 971 5

186 1014 278 1080 geret,
293 1005 418 1064 iussisse.
461 1006 643 1063 Preminenti
667 1024 704 1063 ex
726 1006 831 1064 lectica
852 1016 881 1065 et
902 1008 1057 1067 immetam
1078 1028 1139 1067 cer-

186 1117 281 1169 vicem
309 1111 464 1186 praebenti
489 1121 578 1186 caput
603 1118 769 1186 praecisum
795 1121 848 1171 est.
891 1115 998 1172 Manus
1020 1133 1139 1190 quoque

186 1217 317 1276 abscisae
327 1238 337 1290 ;
365 1227 456 1292 caput
476 1218 600 1278 relatum
620 1228 664 1275 est
685 1217 724 1275 ad
743 1219 905 1277 Antenium
927 1220 1047 1295 eiusque
1062 1221 1140 1279 iussit

186 1341 255 1381 cum
276 1323 380 1381 dextra
399 1328 488 1381 marui
508 1324 540 1380 in
560 1328 659 1382 restris
680 1324 819 1399 positum.

227 1430 326 1504 Quam
340 1427 392 1488 diri
405 1433 453 1487 res
469 1429 589 1505 priblica
606 1431 743 1488 Remena
764 1442 817 1505 per
832 1436 883 1489 ees
897 1432 1060 1507 gerebatur,
1075 1434 1138 1508 qui·
1162 1459 1188 1492 ιο

185 1535 240 1594 bus
265 1539 297 1593 se
321 1535 386 1610 ipsa
409 1541 607 1608 commiserat,
630 1536 662 1593 in
684 1554 751 1594 eam
776 1541 860 1595 curas
885 1538 1138 1613 cegitatienesque

185 1641 247 1699 sere
267 1646 372 1700 omnes
397 1647 463 1700 sues
486 1642 659 1701 censerebat
681 1642 789 1700 Cicerei
814 1652 844 1700 et
868 1642 933 1718 plris
955 1661 1063 1718 operae
1084 1650 1137 1719 pe-

185 1748 275 1807 nebat
308 1748 340 1806 in
373 1746 490 1824 agende
525 1767 614 1823 quam
648 1748 680 1806 in
714 1747 881 1807 scribende.
932 1749 1008 1808 Cum
1039 1761 1138 1809 antem

185 1854 339 1912 dominati
368 1859 453 1913 tinius
482 1855 550 1913 Iulii
577 1855 711 1914 Caesaris
743 1855 843 1913 omnia
876 1860 1053 1928 tenerentur,
1078 1862 1138 1915 nen

184 1964 217 2020 se
237 1961 395 2037 auguribus
417 1959 533 2020 dedidit
558 1979 615 2020 nec
638 1959 764 2037 indignis
788 1961 908 2020 homine
930 1960 1021 2022 docte
1035 1963 1136 2039 volup·
1160 1988 1184 2036 15

184 2067 301 2126 tatibus.
345 2068 472 2143 Fugiens
497 2073 692 2142 censpectum
705 2067 774 2125 Fori
800 2067 939 2142 urbisque
963 2074 1030 2127 rura
1053 2087 1136 2144 pera-

184 2173 295 2249 grabat,
314 2172 503 2248 abdebatque
531 2178 563 2232 se
594 2182 737 2249 quantum
766 2157 883 2246 licebat,
906 2185 935 2233 et
960 2176 1038 2234 selus
1067 2186 1136 2234 erat.

185 2279 267 2336 Nihil
288 2297 376 2355 agere
399 2290 499 2366 autem
521 2298 590 2337 cum
612 2280 727 2338 animus
749 2284 810 2337 nen
831 2291 941 2354 posset,
964 2282 1138 2341 existimavit

183 2385 389 2443 honestissime
414 2385 564 2444 molestias
588 2403 675 2461 posse
700 2385 819 2460 depeni,
841 2392 865 2444 si
889 2391 920 2444 se
945 2386 983 2444 ad
1008 2388 1136 2462 philoso-

183 2491 284 2566 phiam
309 2491 475 2562 rettulisset,
498 2493 545 2548 cui
570 2491 744 2550 adulescens
771 2492 895 2549 multum
922 2494 1062 2568 temporis
1087 2495 1135 2552 tri-
1157 2518 1186 2550 20

183 2596 296 2669 buerat,
318 2607 348 2655 et
372 2615 461 2655 omne
486 2596 616 2655 studium
641 2603 802 2673 criramque
828 2599 973 2656 convertit
1001 2599 1039 2657 ad
1067 2607 1135 2658 scri·

182 2702 334 2776 bendum;
356 2713 446 2778 atque
462 2712 495 2761 ut
512 2704 623 2762 civibus
638 2704 728 2761 etiam
743 2705 853 2762 etiesus
869 2705 980 2780 aliquid
994 2704 1136 2780 predesse

183 2820 293 2884 posset,
314 2809 484 2882 elaberavit,
506 2819 538 2867 ut
566 2809 716 2868 doctieres
744 2811 848 2869 tierent
877 2821 906 2869 et
935 2811 1135 2886 sapientieres,

183 2916 325 2991 pleraque
345 2915 427 2973 brevi
445 2924 579 2990 tempore
597 2920 699 2973 eversa
717 2920 748 2974 re
768 2917 887 2992 publica
907 2919 1030 2993 scripsit,
1045 2936 1135 2992 quam

183 3022 280 3080 multis
301 3027 383 3079 annis
405 3027 441 3078 ee
462 3029 557 3078 stante
579 3027 745 3095 scripserat.
786 3023 833 3081 Sic
849 3023 1007 3081 facundiae
1029 3032 1059 3082 et
1080 3025 1134 3082 La-
1157 3046 1182 3092 25

182 3133 309 3186 tinearum
326 3127 488 3185 litterarum
506 3131 612 3202 parens
634 3128 726 3185 evasit
747 3129 902 3204 pamitque
916 3130 1043 3187 virerum
1059 3132 1134 3205 sapi-

182 3327 203 3374 5.
220 3316 336 3370 lecticam,
346 3315 419 3362 litter.
635 3326 668 3372 15.
684 3316 820 3372 angeribus¹
831 3318 949 3362 vexation.

182 3392 203 3436 6.
218 3392 369 3446 preminenti,
380 3394 478 3450 leaning
486 3399 531 3438 out.
636 3391 670 3435 16.
685 3391 747 3442 nira,
758 3393 796 3434 tte
807 3395 908 3446 country.

181 3477 203 3520 7.
218 3466 343 3518 cervicem,
352 3464 417 3511 neck.
635 3476 671 3522 25
686 3463 815 3509 facundiae
829 3465 882 3524 (lor,
893 3463 959 3522 ieri),
972 3467 1098 3524 eloquence.
