2742 3975
461 274 596 337 Marcus
625 274 755 335 Tullius
780 272 887 337 Cicero
1111 288 1151 353 77

201 496 367 554 cbnsulatirs
396 495 459 567 suit,
481 500 536 553 etsi
564 494 737 568 asperrimis
766 494 853 552 luisse
882 494 944 552 Eius
972 495 1003 552 in
1030 500 1061 554 se
1089 500 1152 553 ‹ira-

202 603 296 660 tirines
317 601 439 659 sciEbat.

242 707 343 765 Fuisse
374 704 497 764 traditur
525 705 641 765 excelsa
668 710 786 777 statrirai,
814 710 866 763 (ire
894 706 983 781 pauli>
1010 706 1152 781 plenifrre,

201 814 288 889 nigris
323 817 492 887 uegetisque
527 811 628 883 oculis,
657 812 755 885 capite
783 811 887 884 calv63
922 830 1011 886 quam
1046 812 1154 870 calvitii

201 919 430 988 delarmititem,
453 917 535 992 quod
558 934 648 991 saepe
672 917 903 975 obtrectatbmm
928 917 1000 975 iocis
1025 918 1154 976 obnoxia
1177 939 1187 986 ς

202 1034 274 1097 erat,
296 1029 383 1099 aegre
408 1024 529 1082 scribat.
573 1022 648 1081 idea
674 1041 711 1081 ex
734 1023 872 1082 omnibus
900 1022 1025 1081 d'e'cretis
1053 1024 1108 1082 sibi
1136 1030 1154 1081 a

202 1136 304 1190 senatu
327 1130 496 1205 populique
520 1128 680 1187 honriribus
702 1134 763 1186 nan
786 1129 874 1185 alium
897 1138 947 1186 aut
968 1129 1082 1204 recepit
1103 1139 1153 1188 aut

202 1238 350 1312 usurpavit
378 1236 515 1295 libentius
539 1253 629 1309 quam
655 1235 700 1293 iiis
724 1235 842 1292 laureae
867 1240 1012 1308 perpetui)
1036 1244 1151 1310 gestan-

202 1342 268 1401 dae.
310 1344 377 1400 Vini
399 1341 603 1416 parcissimum
630 1359 698 1398 eum
725 1340 812 1398 luisse
836 1344 874 1398 ne
898 1341 1009 1398 inimici
1031 1340 1153 1415 quidem

203 1453 389 1523 negavemnt.
430 1447 562 1505 Verbum
591 1446 714 1505 Carrinis
743 1456 797 1518 est,
824 1450 916 1503 finum
948 1465 986 1504 ex
1016 1447 1153 1505 omnibus
1176 1470 1202 1501 ιο

203 1556 362 1614 Caesarem
383 1553 422 1611 ad
444 1551 634 1611 evertendam
658 1570 722 1610 rem
741 1552 891 1626 publicam
908 1552 1039 1610 sabrium
1053 1571 1152 1610 acces-

202 1661 280 1718 sisse.
324 1662 481 1719 Armrirum
503 1668 533 1717 et
555 1658 707 1733 equitandi
728 1658 929 1733 peritissimus
951 1658 1059 1716 labaris
1080 1658 1155 1716 ultra

202 1764 293 1824 fidem
321 1766 435 1840 patiens
446 1786 455 1837 ;
483 1765 514 1822 in
537 1765 654 1840 agmine
678 1770 902 1839 nannumquam
927 1770 1016 1839 equa,
1038 1766 1154 1840 saepius

202 1871 330 1947 pedibus
357 1870 495 1943 anteibat,
523 1872 621 1946 capite
650 1870 781 1943 detecti),
810 1889 861 1930 seu
896 1872 950 1944 scil,
975 1890 1029 1930 seu
1060 1854 1155 1930 imber

203 1990 273 2037 erat.
317 1977 513 2053 Longissimas
528 1977 588 2036 vias
610 1976 775 2036 incredibili
795 1977 944 2037 celeritite
966 1979 1153 2052 cbnficiebat,
1177 1998 1201 2042 15

204 2095 235 2142 ut
262 2101 405 2159 persaepe
434 2084 551 2142 mintir’rs
583 2082 621 2142 de
653 2089 685 2141 se
720 2091 924 2159 praeveniret;
959 2103 1056 2160 neque
1085 2105 1152 2144 eum

203 2191 391 2248 morabantur
414 2189 542 2261 flumina,
558 2206 635 2264 quae
657 2190 703 2248 vel
725 2189 826 2250 nandi)
847 2191 894 2249 vel
913 2191 1028 2250 innixus
1048 2191 1154 2250 inflatis

201 2296 313 2356 utribus
335 2295 496 2354 traiiciebat.

367 2537 498 2592 XXIV.
530 2537 677 2591 Marcus
700 2537 837 2591 Tullius
857 2537 988 2593 vicari.

600 2688 696 2746 κοῦ-43
713 2697 761 2734 ue.

242 2834 361 2889 Marcus
382 2831 495 2889 Tullius
518 2831 635 2903 Cicera,
657 2838 786 2906 equestri
806 2851 925 2908 genere,
940 2836 1050 2909 Arpini,
1073 2834 1154 2909 quod

200 2948 244 2996 est
261 2938 437 2996 Volscbrum
460 2938 614 3013 oppidum,
635 2943 721 2996 natus
742 2949 795 2997 est.
839 2940 885 2996 Ex
908 2939 971 2998 eius
998 2948 1058 2999 avis
1080 2946 1155 3000 rinus
1177 2973 1203 3004 20

200 3181 221 3222 4.
236 3168 333 3223 vegetis,
353 3166 478 3220 animated,
499 3167 594 3224 bright:
718 3170 739 3214 8.
754 3169 882 3226 usurpavit,
893 3170 960 3213 make
971 3185 1011 3214 use
1021 3173 1051 3229 os.

283 3241 358 3294 calvr'r,
368 3241 431 3286 bald.
705 3255 739 3288 12.
754 3243 821 3297 ultrai,
832 3245 923 3301 beyond.

199 3327 221 3373 5.
237 3316 430 3368 obtrectirbrum,
455 3315 589 3368 detractori,
614 3330 652 3360 en·
705 3319 738 3361 18.
755 3317 853 3372 utribus,
864 3320 920 3377 baga
929 3320 997 3365 made
1007 3322 1038 3378 os
1040 3321 1111 3367 skins.

283 3393 367 3439 caries:
390 3390 501 3441 obnoxia,
518 3391 596 3444 liable,
613 3405 649 3434 ex-

277 3463 357 3520 pared.
