2742 3975
405 278 537 342 Gnaeus
560 278 737 361 Pompeius
758 279 907 362 Magnus
1087 284 1126 344 61

173 506 205 560 se
235 500 364 560 tenterio
397 508 428 557 et
463 499 582 557 firmam
616 506 692 574 patri
726 498 924 559 circumdedit
954 500 1130 562 custediam.

171 606 329 665 Terentius
346 614 409 663 tum
431 605 573 663 destricte
595 610 666 664 ense
687 602 727 663 ad
747 606 857 664 lectum
880 608 1005 682 Pompe
1029 626 1129 667 acces-

172 713 213 771 sit.
224 712 381 787 multisque
395 711 503 770 ictibus
523 710 650 786 stregula
670 688 823 787 percussit.
866 712 941 771 Orte
962 732 1032 771 mox
1052 714 1128 773 sedi·

172 818 253 877 tiene
269 817 428 893 Pompeius
447 821 479 875 se
499 816 531 875 in
552 816 652 875 media
672 817 801 876 coniecit
823 818 949 893 agmina,
964 819 1130 895 militesque

171 924 384 983 tumultuantes
397 923 536 999 precibus
551 931 581 980 et
596 922 721 981 lacrimis
737 922 863 998 plecevit
883 942 920 981 ac
938 923 1009 982 duci
1024 943 1150 994 recen-5

171 1030 288 1088 cilievit.
412 1106 418 1116 .

212 1134 330 1194 Eedem
360 1134 438 1194 belle
464 1134 623 1209 Pompeius
649 1138 748 1209 partes
772 1134 868 1193 Sullae
892 1140 1009 1195 secetus
1031 1136 1073 1195 ita
1096 1142 1128 1197 se

170 1242 270 1317 gessit,
298 1250 331 1298 ut
358 1241 397 1298 ab
426 1245 463 1299 ee
481 1240 620 1297 'maixime
648 1240 825 1315 diligeretur.
867 1242 970 1300 Annes
1004 1247 1063 1301 tres
1098 1253 1128 1302 et

170 1348 272 1423 viginti
292 1351 387 1418 netus,
405 1354 437 1403 ut
458 1345 553 1405 Sullae
575 1345 682 1403 auxilie
703 1352 824 1418 veniret,
846 1354 961 1421 paterni
981 1349 1127 1407 exercitiis

170 1452 307 1528 reliquiis
318 1452 457 1527 conlegit,
469 1451 626 1526 statimque
641 1449 702 1508 dux
715 1457 826 1526 peritus
840 1453 959 1511 exstitit.
1000 1455 1127 1530 Megnus
1149 1486 1176 1517 ιο

170 1558 244 1617 illius
263 1557 345 1633 apud
363 1557 486 1615 militem
507 1574 600 1629 amor,
616 1562 723 1632 megna
743 1558 824 1631 apud
845 1563 949 1617 omnes
970 1560 1126 1619 admiretie

170 1664 244 1737 fuit3
266 1663 360 1723 millus
383 1669 411 1721 ei
434 1663 518 1722 labor
543 1662 653 1735 taedie,
675 1663 756 1721 milla
776 1662 948 1739 defatigetie
973 1665 1125 1725 molestiae

170 1778 242 1828 erat.
292 1770 362 1829 Cibi
396 1774 513 1844 vinique
552 1774 729 1844 temperans,
760 1775 856 1827 somni
888 1788 1015 1845 parcus3
1051 1772 1126 1829 inter

171 1876 277 1935 milites
298 1893 407 1950 corpus
428 1878 578 1945 exercens,
601 1892 669 1932 cum
691 1874 836 1933 alacribus
857 1876 940 1948 salte,
955 1895 1024 1934 cum
1045 1877 1124 1936 vele-

89 2004 94 2012 ¹
170 1982 254 2042 cibus
282 1987 378 2054 cursr'i,
400 1999 469 2040 cum
496 1980 598 2039 validis
626 1979 768 2040 liictande
796 1982 936 2041 certabat.
980 1983 1058 2041 Tum
1086 1982 1124 2042 ad
1148 2009 1173 2057 ¹5

170 2089 280 2149 Sullam
302 2088 358 2147 iter
379 2086 507 2146 intendit
527 2096 557 2145 et
577 2087 608 2145 in
630 2091 667 2145 ee
688 2087 792 2145 itinere
813 2092 872 2146 tres
893 2088 1021 2147 hostium
1043 2107 1124 2148 exer-

170 2195 246 2253 cites
270 2203 321 2252 aut
345 2193 424 2252 sedit
448 2202 499 2250 aut
523 2192 579 2251 sibi
603 2191 745 2251 adiimxit.
788 2193 887 2267 Quem
910 2194 961 2253 ubi
985 2195 1063 2254 Sulla
1086 2195 1125 2253 ad

170 2304 203 2359 se
223 2299 370 2358 accedere
395 2297 506 2356 audivit
529 2298 736 2373 egregiamque
759 2299 813 2357 snb
834 2305 921 2374 signis
943 2300 1125 2359 iuventi'rtem

170 2405 316 2481 adspexIt,
334 2403 442 2463 desiliit
463 2422 500 2461 ex
521 2409 599 2478 eque
621 2404 856 2479 Pompeiumque
878 2405 1011 2464 saliitevit
1032 2407 1124 2482 impe-

170 2517 299 2570 reterem
319 2520 350 2570 et
373 2515 478 2586 postee
499 2516 527 2568 ei
542 2509 672 2568 venienti
693 2510 806 2568 solebat
828 2510 898 2570 selle
918 2512 1075 2588 adsurgere
1095 2523 1126 2572 et
1146 2547 1174 2578 20

170 2626 262 2693 caput
276 2623 389 2692 aperire
404 2626 434 2674 et
449 2620 528 2690 eque
542 2615 735 2688 descendere,
751 2634 841 2690 quem
855 2616 1000 2676 honerem
1014 2619 1126 2677 nemini

169 2723 226 2782 nisi
248 2721 394 2798 Pompeis)
416 2721 572 2781 tribuebat.

212 2831 319 2888 Postea}
346 2827 506 2903 Pompeius
533 2826 564 2884 in
592 2826 721 2885 Siciliam
745 2827 895 2902 profectus
920 2838 973 2901 est,
998 2839 1031 2887 ut
1059 2848 1125 2888 eam

169 2935 353 3006 eCarbene‚
369 2933 464 2992 Sullae
486 2932 615 3004 inimice,
631 2938 808 3007 occupatam
829 2934 983 3010 reciperet.
1027 2936 1125 2995 Carbo

169 3041 403 3116 comprehensus
425 3049 456 3097 et
476 3039 514 3096 ad
537 3038 712 3114 Pompeium
727 3040 833 3098 ductus
848 3050 892 3099 est
902 3061 911 3114 3
933 3059 1023 3116 quem
1038 3044 1125 3100 Pom·
1147 3069 1172 3115 ²5

184 3277 205 3308 2.
220 3262 285 3315 ense,
295 3261 381 3306 noorai.
676 3272 710 3318 15
726 3261 846 3316 luctando,
857 3263 882 3306 in
897 3264 1035 3321 wrestlingr
1052 3269 1126 3309 certa-

183 3351 204 3394 3.
220 3331 331 3392 stregul'a
342 3335 449 3380 couerlet.
754 3335 803 3389 bat,
813 3337 873 3390 nied,
884 3339 1015 3384 contended.

183 3415 204 3458 8.
220 3411 363 3468 diligeretur,
373 3423 422 3454 war
432 3409 504 3455 loved.
673 3421 709 3454 πο.
724 3409 861 3467 adsurgere,
871 3416 894 3455 to
905 3413 960 3458 rire.

169 3500 204 3544 13.
220 3498 315 3544 parcus,
325 3485 429 3542 sparing¹
440 3484 564 3529 moderate.
